<record><header><identifier>oai:alma.41SLSP_UGE:991000793549705502</identifier><datestamp>2023-04-08T00:15:05Z</datestamp><setSpec>uge_bcen_RapidILL_BOOK</setSpec><setSpec>uge_aaca_RapidILL_BOOK</setSpec><setSpec>uge_abels_RapidILL_BOOK</setSpec><setSpec>uge_dbu_RapidILL_BOOK</setSpec><setSpec>uge_cmu_RapidILL_BOOK</setSpec><setSpec>uge_mail_RapidILL_BOOK</setSpec><setSpec>uge_abbat_RapidILL_BOOK</setSpec><setSpec>UNIGE_ALL</setSpec><setSpec>uge_acar_RapidILL_BOOK</setSpec><setSpec>uge_aobs_RapidILL_BOOK</setSpec></header><metadata>
<record xmlns="http://www.loc.gov/MARC21/slim" xmlns:xsi="http://www.w3.org/2001/XMLSchema-instance" xsi:schemaLocation="http://www.loc.gov/MARC21/slim http://www.loc.gov/standards/marcxml/schema/MARC21slim.xsd"><leader>02125nam a2200289 c 4500</leader><controlfield tag="001">991000793549705502</controlfield><controlfield tag="005">20230407145327.0</controlfield><controlfield tag="008">080919s2008    fr ||||| |||| 00| ||fre d</controlfield><datafield ind1=" " ind2=" " tag="035"><subfield code="a">(swissbib)107150182-41slsp_network</subfield></datafield><datafield ind1=" " ind2=" " tag="035"><subfield code="a">107150182</subfield><subfield code="9">ExL</subfield></datafield><datafield ind1=" " ind2=" " tag="035"><subfield code="a">(RERO)R004771140-41slsp</subfield></datafield><datafield ind1=" " ind2=" " tag="035"><subfield code="a">(EXLNZ-41SLSP_NETWORK)991057025519705501</subfield></datafield><datafield ind1=" " ind2=" " tag="040"><subfield code="a">RERO ladupa</subfield><subfield code="d">CH-ZuSLS</subfield></datafield><datafield ind1=" " ind2="7" tag="072"><subfield code="a">me</subfield><subfield code="2">rero</subfield></datafield><datafield ind1="0" ind2="0" tag="245"><subfield code="a">Parano..</subfield><subfield code="c">[sous la dir. de] D. Agostini ...[et al.]</subfield></datafield><datafield ind1=" " ind2="1" tag="264"><subfield code="a">Le Bouscat</subfield><subfield code="b">L'Esprit du temps</subfield><subfield code="c">2008</subfield></datafield><datafield ind1=" " ind2=" " tag="300"><subfield code="a">797 p.</subfield></datafield><datafield ind1=" " ind2=" " tag="336"><subfield code="b">txt</subfield><subfield code="2">rdacontent</subfield></datafield><datafield ind1=" " ind2=" " tag="337"><subfield code="b">n</subfield><subfield code="2">rdamedia</subfield></datafield><datafield ind1=" " ind2=" " tag="338"><subfield code="b">nc</subfield><subfield code="2">rdacarrier</subfield></datafield><datafield ind1="1" ind2=" " tag="490"><subfield code="a">Adolescence</subfield><subfield code="v">65, 2008</subfield></datafield><datafield ind1="0" ind2=" " tag="505"><subfield code="a">&quot;J'accuse&quot; / Philippe Gutton - De la paranoïa à l'adolescence : projection ou diffraction / B. Duez, R. Durastante - Les enfants de Schreber : l'acte adolescent au temps de la vacuité de l'autre / Serge Lesourd - Désir de clinique / Olivier Ouvry - Le concept de fantasme masturbatoire central / EgléLaufer - Jeux du pouvoir et du désir dans l'école : pour une lecture psychanalytique de la relation savoir/pouvoir / Béatrice Mabilon-Bonfils - Réflexion sur les dimensions de l'acte à l'adolescence à partir du cas clinique d'une jeune fille paranoïaque / Adrian Vodovosoff - Persécution dedans/dehors : de l'attaque du corps au projet de peau : étude d'un mouvement de projection détoxicant / Fanny Dargent - L'adolescence et la paranoïa du lien / Brigitte Haie - &quot;La vérité est ailleurs&quot; : la place du paranormal comme mode de traitement du réel pubertaire / Pascal Le Maléfan - Adolescence, solitude et lien social : perspectives métapsychologiques et cliniques / J. Denas, M. Ham - Ne pas être reconnu, nepas se reconnaître comme citoyen français / Joëlle Bordet - L'adolescent surdoué / Caroline Goldman - Définitions et approches du concept de lien / René Kaës</subfield></datafield><datafield ind1=" " ind2="7" tag="650"><subfield code="a">Adolescence</subfield><subfield code="0">(IDREF)027488055</subfield><subfield code="2">idref</subfield></datafield><datafield ind1=" " ind2="7" tag="650"><subfield code="a">Paranoïa</subfield><subfield code="0">(IDREF)027583570</subfield><subfield code="2">idref</subfield></datafield><datafield ind1=" " ind2="7" tag="655"><subfield code="a">[Études diverses]</subfield><subfield code="0">(RERO)A022249905</subfield><subfield code="2">rero</subfield></datafield><datafield ind1="1" ind2=" " tag="700"><subfield code="a">Agostini, Dominique</subfield><subfield code="0">(IDREF)051635852</subfield></datafield><datafield ind1=" " ind2=" " tag="830"><subfield code="a">Adolescence</subfield><subfield code="p">GREUPP</subfield><subfield code="v">65</subfield><subfield code="w">(RERO)0716821-41slsp</subfield></datafield><datafield ind1=" " ind2=" " tag="900"><subfield code="a">REROnoselfmerge</subfield></datafield></record>
</metadata></record>