<record><header><identifier>oai:alma.41SLSP_UGE:991000793659705502</identifier><datestamp>2023-03-01T01:09:45Z</datestamp><setSpec>uge_bcen_RapidILL_BOOK</setSpec><setSpec>uge_aaca_RapidILL_BOOK</setSpec><setSpec>uge_abels_RapidILL_BOOK</setSpec><setSpec>uge_dbu_RapidILL_BOOK</setSpec><setSpec>uge_cmu_RapidILL_BOOK</setSpec><setSpec>uge_mail_RapidILL_BOOK</setSpec><setSpec>UNIGE_ALL</setSpec><setSpec>uge_abbat_RapidILL_BOOK</setSpec><setSpec>uge_aobs_RapidILL_BOOK</setSpec><setSpec>uge_acar_RapidILL_BOOK</setSpec></header><metadata>
<record xmlns="http://www.loc.gov/MARC21/slim" xmlns:xsi="http://www.w3.org/2001/XMLSchema-instance" xsi:schemaLocation="http://www.loc.gov/MARC21/slim http://www.loc.gov/standards/marcxml/schema/MARC21slim.xsd"><leader>01370nam a2200337 c 4500</leader><controlfield tag="001">991000793659705502</controlfield><controlfield tag="005">20221118140104.0</controlfield><controlfield tag="008">871118s1961    it ||||| |||| 10| ||fre d</controlfield><datafield ind1=" " ind2=" " tag="035"><subfield code="a">(swissbib)082239584-41slsp_network</subfield></datafield><datafield ind1=" " ind2=" " tag="035"><subfield code="a">082239584</subfield><subfield code="9">ExL</subfield></datafield><datafield ind1=" " ind2=" " tag="035"><subfield code="a">(RERO)0907700-41slsp</subfield></datafield><datafield ind1=" " ind2=" " tag="035"><subfield code="a">(EXLNZ-41SLSP_NETWORK)991033197919705501</subfield></datafield><datafield ind1=" " ind2=" " tag="040"><subfield code="a">RERO geudbu</subfield><subfield code="d">CH-ZuSLS</subfield></datafield><datafield ind1=" " ind2="4" tag="060"><subfield code="a">QU 145</subfield></datafield><datafield ind1=" " ind2="7" tag="072"><subfield code="a">se</subfield><subfield code="2">rero</subfield></datafield><datafield ind1="0" ind2="0" tag="245"><subfield code="a">Rapport du Symposium sur l'éducation et la formation en matière de nutrition en Europe</subfield><subfield code="c">organisé conjointement par la FAO et l'OMS, Bad Hombourg, Allemagne, 2-11 décembre 1959</subfield></datafield><datafield ind1=" " ind2="1" tag="264"><subfield code="a">Rome</subfield><subfield code="b">Organisation des Nations Unies pour l'alimentation et l'agriculture</subfield><subfield code="c">1961</subfield></datafield><datafield ind1=" " ind2=" " tag="300"><subfield code="a">VI, 62 p.</subfield><subfield code="c">23 cm</subfield></datafield><datafield ind1=" " ind2=" " tag="336"><subfield code="b">txt</subfield><subfield code="2">rdacontent</subfield></datafield><datafield ind1=" " ind2=" " tag="337"><subfield code="b">n</subfield><subfield code="2">rdamedia</subfield></datafield><datafield ind1=" " ind2=" " tag="338"><subfield code="b">nc</subfield><subfield code="2">rdacarrier</subfield></datafield><datafield ind1="1" ind2=" " tag="490"><subfield code="a">Réunions de la FAO sur la nutrition</subfield><subfield code="v">no. 26</subfield></datafield><datafield ind1="2" ind2="2" tag="610"><subfield code="a">World Health Organization</subfield></datafield><datafield ind1=" " ind2="2" tag="650"><subfield code="a">Education</subfield></datafield><datafield ind1=" " ind2="2" tag="650"><subfield code="a">Nutrition</subfield><subfield code="x">education</subfield></datafield><datafield ind1=" " ind2="2" tag="650"><subfield code="a">Teaching</subfield></datafield><datafield ind1=" " ind2="2" tag="651"><subfield code="a">Europe</subfield></datafield><datafield ind1=" " ind2="7" tag="655"><subfield code="a">Konferenzschrift</subfield><subfield code="z">Bad Homburg v.d. Höhe</subfield><subfield code="y">1959</subfield><subfield code="2">gnd-content</subfield></datafield><datafield ind1="2" ind2=" " tag="711"><subfield code="a">Symposium sur l'éducation et la formation en matière de nutrition en Europe</subfield><subfield code="d">1959</subfield><subfield code="c">Bad Hombourg</subfield><subfield code="0">(RERO)A012480139</subfield></datafield><datafield ind1=" " ind2="0" tag="830"><subfield code="a">FAO nutrition meetings report series</subfield><subfield code="v">26</subfield><subfield code="w">991131837509705501</subfield></datafield><datafield ind1=" " ind2="0" tag="830"><subfield code="a">Réunions de la FAO sur la nutrition</subfield><subfield code="v">26</subfield><subfield code="w">(RERO)0907578-41slsp</subfield></datafield><datafield ind1=" " ind2=" " tag="900"><subfield code="a">REROnoselfmerge</subfield></datafield><datafield ind1=" " ind2=" " tag="990"><subfield code="a">donomshim</subfield><subfield code="9">LOCAL</subfield></datafield></record>
</metadata></record>