<record><header><identifier>oai:alma.41SLSP_UGE:991000793119705502</identifier><datestamp>2023-03-28T00:13:07Z</datestamp><setSpec>uge_bcen_RapidILL_BOOK</setSpec><setSpec>uge_aaca_RapidILL_BOOK</setSpec><setSpec>uge_abels_RapidILL_BOOK</setSpec><setSpec>uge_dbu_RapidILL_BOOK</setSpec><setSpec>uge_cmu_RapidILL_BOOK</setSpec><setSpec>uge_mail_RapidILL_BOOK</setSpec><setSpec>uge_abbat_RapidILL_BOOK</setSpec><setSpec>UNIGE_ALL</setSpec><setSpec>uge_acar_RapidILL_BOOK</setSpec><setSpec>uge_aobs_RapidILL_BOOK</setSpec></header><metadata>
<record xmlns="http://www.loc.gov/MARC21/slim" xmlns:xsi="http://www.w3.org/2001/XMLSchema-instance" xsi:schemaLocation="http://www.loc.gov/MARC21/slim http://www.loc.gov/standards/marcxml/schema/MARC21slim.xsd"><leader>02988nam a2200589 c 4500</leader><controlfield tag="001">991000793119705502</controlfield><controlfield tag="005">20230327181617.0</controlfield><controlfield tag="008">201012s2018    riu      b||| 001 0 eng| </controlfield><datafield ind1=" " ind2=" " tag="010"><subfield code="a">2017045552</subfield></datafield><datafield ind1=" " ind2=" " tag="020"><subfield code="a">9781470435189</subfield><subfield code="q">alk. paper</subfield></datafield><datafield ind1=" " ind2=" " tag="020"><subfield code="a">1470435187</subfield></datafield><datafield ind1=" " ind2=" " tag="035"><subfield code="a">(swissbib)240333489-41slsp_network</subfield></datafield><datafield ind1=" " ind2=" " tag="035"><subfield code="a">240333489</subfield><subfield code="9">ExL</subfield></datafield><datafield ind1=" " ind2=" " tag="035"><subfield code="a">(NEBIS)011109646EBI01</subfield></datafield><datafield ind1=" " ind2=" " tag="035"><subfield code="a">(IDSBB)006834280DSV01</subfield></datafield><datafield ind1=" " ind2=" " tag="035"><subfield code="a">(RERO)R008839501-41slsp</subfield></datafield><datafield ind1=" " ind2=" " tag="035"><subfield code="a">(OCoLC)1013506217</subfield></datafield><datafield ind1=" " ind2=" " tag="035"><subfield code="a">(EXLNZ-41SLSP_NETWORK)991041006909705501</subfield></datafield><datafield ind1=" " ind2=" " tag="040"><subfield code="a">DLC</subfield><subfield code="b">ger</subfield><subfield code="e">rda</subfield><subfield code="d">CH-ZuSLS</subfield></datafield><datafield ind1=" " ind2=" " tag="042"><subfield code="a">pcc</subfield></datafield><datafield ind1="0" ind2="0" tag="050"><subfield code="a">QA564</subfield><subfield code="b">.C8794 2018</subfield></datafield><datafield ind1=" " ind2="7" tag="072"><subfield code="a">ma</subfield><subfield code="2">rero</subfield></datafield><datafield ind1="0" ind2="0" tag="082"><subfield code="a">516.3/5</subfield><subfield code="2">23</subfield></datafield><datafield ind1="1" ind2="4" tag="082"><subfield code="a">510</subfield><subfield code="2">15</subfield></datafield><datafield ind1=" " ind2=" " tag="084"><subfield code="a">14-01</subfield><subfield code="2">msc</subfield></datafield><datafield ind1=" " ind2=" " tag="084"><subfield code="a">SK 240</subfield><subfield code="2">rvk</subfield></datafield><datafield ind1=" " ind2=" " tag="084"><subfield code="a">14</subfield><subfield code="2">msc</subfield></datafield><datafield ind1="1" ind2=" " tag="100"><subfield code="a">Cutkosky, Steven Dale</subfield><subfield code="0">(DE-588)1070878626</subfield><subfield code="e">Verfasser</subfield><subfield code="4">aut</subfield><subfield code="6">880-01</subfield></datafield><datafield ind1="1" ind2=" " tag="880"><subfield code="6">100-01</subfield><subfield code="a">Cutkosky, Steven Dale</subfield><subfield code="d">1958-....</subfield><subfield code="0">(IDREF)07337895X</subfield><subfield code="4">cre</subfield></datafield><datafield ind1="1" ind2="0" tag="245"><subfield code="a">Introduction to algebraic geometry</subfield><subfield code="c">Steven Dale Cutkosky</subfield></datafield><datafield ind1=" " ind2="1" tag="264"><subfield code="a">Providence, Rhode Island</subfield><subfield code="b">AMS, American Mathematical Society</subfield><subfield code="c">[2018]</subfield></datafield><datafield ind1=" " ind2=" " tag="300"><subfield code="a">xii, 484 Seiten</subfield></datafield><datafield ind1=" " ind2=" " tag="336"><subfield code="b">txt</subfield><subfield code="2">rdacontent</subfield></datafield><datafield ind1=" " ind2=" " tag="337"><subfield code="b">n</subfield><subfield code="2">rdamedia</subfield></datafield><datafield ind1=" " ind2=" " tag="338"><subfield code="b">nc</subfield><subfield code="2">rdacarrier</subfield></datafield><datafield ind1="1" ind2=" " tag="490"><subfield code="a">Graduate studies in mathematics</subfield><subfield code="v">188</subfield></datafield><datafield ind1=" " ind2=" " tag="504"><subfield code="a">Includes bibliographical references and index</subfield></datafield><datafield ind1="0" ind2=" " tag="505"><subfield code="a">Introduction -- A crash course in commutative algebra -- Ane varieties -- Projective varieties -- Regular and rational maps of quasi projective varieties -- Products -- The blow up of an ideal -- Finite maps of quasi projective varieties -- Dimension of quasi projective algebraic sets -- Zariski's main theorem -- Nonsingularity -- Sheaves -- Applications to regular and rational maps -- Divisors -- Dierential forms and the canonical divisor -- Schemes -- The degree of a projective variety -- Cohomology -- Curves -- An introduction to intersection theory -- Surfaces -- Ramication and etale maps -- Bertini's theorems and general fibers of maps</subfield></datafield><datafield ind1=" " ind2="7" tag="650"><subfield code="a">ALGEBRAISCHE GEOMETRIE</subfield><subfield code="9">ger</subfield><subfield code="0">(ETHUDK)000012798</subfield><subfield code="2">ethudk</subfield></datafield><datafield ind1=" " ind2="7" tag="650"><subfield code="a">LEHRBÜCHER (DOKUMENTENTYP)</subfield><subfield code="9">ger</subfield><subfield code="0">(ETHUDK)000000099</subfield><subfield code="2">ethudk</subfield></datafield><datafield ind1=" " ind2="7" tag="650"><subfield code="a">Algebraische Geometrie</subfield><subfield code="0">(DE-588)4001161-6</subfield><subfield code="2">gnd</subfield></datafield><datafield ind1=" " ind2="7" tag="650"><subfield code="a">Algebraic geometry -- Instructional exposition (textbooks, tutorial papers, etc.)</subfield><subfield code="2">msc</subfield></datafield><datafield ind1=" " ind2="7" tag="650"><subfield code="a">Geometrische Algebra</subfield><subfield code="0">(DE-588)4156707-9</subfield><subfield code="2">gnd</subfield></datafield><datafield ind1=" " ind2="0" tag="650"><subfield code="a">Geometry, Algebraic</subfield></datafield><datafield ind1=" " ind2="7" tag="650"><subfield code="a">Géométrie algébrique</subfield><subfield code="0">(IDREF)027228002</subfield><subfield code="2">idref</subfield></datafield><datafield ind1=" " ind2="7" tag="655"><subfield code="a">Lehrbuch</subfield><subfield code="2">gnd-content</subfield></datafield><datafield ind1=" " ind2="7" tag="655"><subfield code="a">Einführung</subfield><subfield code="2">gnd-content</subfield></datafield><datafield ind1="4" ind2=" " tag="856"><subfield code="3">Titelblatt und Inhaltsverzeichnis</subfield><subfield code="u">https://toc.library.ethz.ch/objects/pdf03/z01_978-1-4704-3518-9_01.pdf</subfield><subfield code="q">pdf</subfield></datafield><datafield ind1=" " ind2=" " tag="830"><subfield code="a">Graduate studies in mathematics</subfield><subfield code="v">188</subfield><subfield code="w">(NEBIS)000924590EBI01</subfield></datafield><datafield ind1=" " ind2=" " tag="900"><subfield code="a">IDSZ2zbzmon201808f</subfield><subfield code="c">IDSZ2gehm</subfield><subfield code="d">IDSZ2zbzswk201808b</subfield><subfield code="e">IDSZ2tschu</subfield></datafield><datafield ind1=" " ind2=" " tag="900"><subfield code="a">REROnoselfmerge</subfield></datafield><datafield ind1=" " ind2=" " tag="910"><subfield code="a">OCoLC</subfield><subfield code="b">20180914</subfield><subfield code="c">Réutilisation sous conditions: Licence ODC-BY</subfield></datafield><datafield ind1=" " ind2=" " tag="949"><subfield code="a">https://toc.library.ethz.ch/objects/pdf03/z01_978-1-4704-3518-9_01.pdf</subfield></datafield></record>
</metadata></record>