<record><header><identifier>oai:alma.41SLSP_UGE:991000793749705502</identifier><datestamp>2023-03-01T01:09:45Z</datestamp><setSpec>uge_bcen_RapidILL_BOOK</setSpec><setSpec>uge_aaca_RapidILL_BOOK</setSpec><setSpec>uge_abels_RapidILL_BOOK</setSpec><setSpec>uge_dbu_RapidILL_BOOK</setSpec><setSpec>uge_cmu_RapidILL_BOOK</setSpec><setSpec>uge_mail_RapidILL_BOOK</setSpec><setSpec>UNIGE_ALL</setSpec><setSpec>uge_abbat_RapidILL_BOOK</setSpec><setSpec>uge_aobs_RapidILL_BOOK</setSpec><setSpec>uge_acar_RapidILL_BOOK</setSpec></header><metadata>
<record xmlns="http://www.loc.gov/MARC21/slim" xmlns:xsi="http://www.w3.org/2001/XMLSchema-instance" xsi:schemaLocation="http://www.loc.gov/MARC21/slim http://www.loc.gov/standards/marcxml/schema/MARC21slim.xsd"><leader>00868nam a2200253 c 4500</leader><controlfield tag="001">991000793749705502</controlfield><controlfield tag="005">20201225192201.0</controlfield><controlfield tag="008">880418s1929    xxu||||| |||| 00| ||eng d</controlfield><datafield ind1=" " ind2=" " tag="035"><subfield code="a">(swissbib)082671222-41slsp_network</subfield></datafield><datafield ind1=" " ind2=" " tag="035"><subfield code="a">082671222</subfield><subfield code="9">ExL</subfield></datafield><datafield ind1=" " ind2=" " tag="035"><subfield code="a">(RERO)0966008-41slsp</subfield></datafield><datafield ind1=" " ind2=" " tag="035"><subfield code="a">(EXLNZ-41SLSP_NETWORK)991152042609705501</subfield></datafield><datafield ind1=" " ind2=" " tag="040"><subfield code="a">RERO geudbu</subfield><subfield code="d">CH-ZuSLS</subfield></datafield><datafield ind1=" " ind2="7" tag="072"><subfield code="a">ps</subfield><subfield code="2">rero</subfield></datafield><datafield ind1=" " ind2="7" tag="072"><subfield code="a">pe</subfield><subfield code="2">rero</subfield></datafield><datafield ind1="0" ind2="0" tag="245"><subfield code="a">Reconstructing behavior in youth</subfield><subfield code="b">a study of problem children in foster families</subfield><subfield code="c">by William Healy... [et al.]</subfield></datafield><datafield ind1=" " ind2="1" tag="264"><subfield code="a">New York</subfield><subfield code="a">London</subfield><subfield code="b">A.A. Knopf</subfield><subfield code="c">1929</subfield></datafield><datafield ind1=" " ind2=" " tag="300"><subfield code="a">XI, 325, IX p.</subfield><subfield code="c">24 cm</subfield></datafield><datafield ind1=" " ind2=" " tag="336"><subfield code="b">txt</subfield><subfield code="2">rdacontent</subfield></datafield><datafield ind1=" " ind2=" " tag="337"><subfield code="b">n</subfield><subfield code="2">rdamedia</subfield></datafield><datafield ind1=" " ind2=" " tag="338"><subfield code="b">nc</subfield><subfield code="2">rdacarrier</subfield></datafield><datafield ind1="1" ind2=" " tag="490"><subfield code="a">Judge Baker Foundation publication</subfield><subfield code="v">no. 5</subfield></datafield><datafield ind1="1" ind2=" " tag="700"><subfield code="a">Healy, William</subfield><subfield code="0">(RERO)A003356416</subfield></datafield><datafield ind1=" " ind2=" " tag="830"><subfield code="a">Judge Baker Foundation publication</subfield><subfield code="v">5</subfield><subfield code="w">(RERO)0926078-41slsp</subfield></datafield><datafield ind1=" " ind2=" " tag="900"><subfield code="a">REROnoselfmerge</subfield></datafield></record>
</metadata></record>