<record><header><identifier>oai:alma.41SLSP_UGE:991000793649705502</identifier><datestamp>2023-04-02T00:41:04Z</datestamp><setSpec>uge_bcen_RapidILL_BOOK</setSpec><setSpec>uge_aaca_RapidILL_BOOK</setSpec><setSpec>uge_abels_RapidILL_BOOK</setSpec><setSpec>uge_dbu_RapidILL_BOOK</setSpec><setSpec>uge_cmu_RapidILL_BOOK</setSpec><setSpec>uge_mail_RapidILL_BOOK</setSpec><setSpec>UNIGE_ALL</setSpec><setSpec>uge_abbat_RapidILL_BOOK</setSpec><setSpec>uge_acar_RapidILL_BOOK</setSpec><setSpec>uge_aobs_RapidILL_BOOK</setSpec></header><metadata>
<record xmlns="http://www.loc.gov/MARC21/slim" xmlns:xsi="http://www.w3.org/2001/XMLSchema-instance" xsi:schemaLocation="http://www.loc.gov/MARC21/slim http://www.loc.gov/standards/marcxml/schema/MARC21slim.xsd"><leader>00972nam a2200277 c 4500</leader><controlfield tag="001">991000793649705502</controlfield><controlfield tag="005">20230330224721.0</controlfield><controlfield tag="008">000721s1953    sz ||||| m||| 00| ||fre d</controlfield><datafield ind1=" " ind2=" " tag="019"><subfield code="a">Catalogage: décrit l'ex. de thèse</subfield><subfield code="5">RERO/vdbcul/04.2015</subfield></datafield><datafield ind1=" " ind2=" " tag="035"><subfield code="a">(swissbib)076798690-41slsp_network</subfield></datafield><datafield ind1=" " ind2=" " tag="035"><subfield code="a">076798690</subfield><subfield code="9">ExL</subfield></datafield><datafield ind1=" " ind2=" " tag="035"><subfield code="a">(RERO)0064652-41slsp</subfield></datafield><datafield ind1=" " ind2=" " tag="035"><subfield code="a">(EXLNZ-41SLSP_NETWORK)991142686229705501</subfield></datafield><datafield ind1=" " ind2=" " tag="040"><subfield code="a">RERO</subfield><subfield code="d">CH-ZuSLS</subfield></datafield><datafield ind1=" " ind2="7" tag="072"><subfield code="a">la</subfield><subfield code="2">rero</subfield></datafield><datafield ind1="1" ind2=" " tag="100"><subfield code="a">Béranger, Jean</subfield><subfield code="d">1903-1988</subfield><subfield code="0">(RERO)A012320626</subfield><subfield code="4">cre</subfield></datafield><datafield ind1="1" ind2="0" tag="245"><subfield code="a">Recherches sur l'aspect idéologique du principat</subfield><subfield code="c">par Jean Béranger</subfield></datafield><datafield ind1=" " ind2="1" tag="264"><subfield code="a">Bâle</subfield><subfield code="b">Impr. Fr. Reinhardt</subfield><subfield code="c">1953</subfield></datafield><datafield ind1=" " ind2=" " tag="300"><subfield code="a">318 p.</subfield><subfield code="c">24 cm</subfield></datafield><datafield ind1=" " ind2=" " tag="336"><subfield code="b">txt</subfield><subfield code="2">rdacontent</subfield></datafield><datafield ind1=" " ind2=" " tag="337"><subfield code="b">n</subfield><subfield code="2">rdamedia</subfield></datafield><datafield ind1=" " ind2=" " tag="338"><subfield code="b">nc</subfield><subfield code="2">rdacarrier</subfield></datafield><datafield ind1=" " ind2=" " tag="502"><subfield code="a">Th. Lettres Lausanne, 1953</subfield></datafield><datafield ind1=" " ind2="7" tag="650"><subfield code="a">Institutions politiques</subfield><subfield code="0">(IDREF)027994775</subfield><subfield code="2">idref</subfield></datafield><datafield ind1=" " ind2="7" tag="650"><subfield code="a">Politique et gouvernement</subfield><subfield code="y">30 av. J.-C.-284</subfield><subfield code="z">Rome</subfield><subfield code="0">(IDREF)029353831</subfield><subfield code="2">idref</subfield></datafield><datafield ind1=" " ind2="7" tag="651"><subfield code="a">Rome</subfield><subfield code="0">(IDREF)027243001</subfield><subfield code="2">idref</subfield></datafield><datafield ind1=" " ind2=" " tag="900"><subfield code="a">REROnoselfmerge</subfield></datafield></record>
</metadata></record>