<record><header><identifier>oai:alma.41SLSP_UGE:991000793469705502</identifier><datestamp>2023-07-01T00:28:36Z</datestamp><setSpec>uge_bcen_RapidILL_BOOK</setSpec><setSpec>uge_aaca_RapidILL_BOOK</setSpec><setSpec>uge_abels_RapidILL_BOOK</setSpec><setSpec>uge_dbu_RapidILL_BOOK</setSpec><setSpec>uge_cmu_RapidILL_BOOK</setSpec><setSpec>uge_mail_RapidILL_BOOK</setSpec><setSpec>uge_abbat_RapidILL_BOOK</setSpec><setSpec>UNIGE_ALL</setSpec><setSpec>uge_acar_RapidILL_BOOK</setSpec><setSpec>uge_aobs_RapidILL_BOOK</setSpec></header><metadata>
<record xmlns="http://www.loc.gov/MARC21/slim" xmlns:xsi="http://www.w3.org/2001/XMLSchema-instance" xsi:schemaLocation="http://www.loc.gov/MARC21/slim http://www.loc.gov/standards/marcxml/schema/MARC21slim.xsd"><leader>03247nam a2200673 c 4500</leader><controlfield tag="001">991000793469705502</controlfield><controlfield tag="005">20230630222028.0</controlfield><controlfield tag="008">201011s2011    gw ||||| |||| 00| ||ger d</controlfield><datafield ind1=" " ind2=" " tag="020"><subfield code="a">9783805911047</subfield></datafield><datafield ind1=" " ind2=" " tag="035"><subfield code="a">(swissbib)228040272-41slsp_network</subfield></datafield><datafield ind1=" " ind2=" " tag="035"><subfield code="a">228040272</subfield><subfield code="9">ExL</subfield></datafield><datafield ind1=" " ind2=" " tag="035"><subfield code="a">(RERO)R005893003-41slsp</subfield></datafield><datafield ind1=" " ind2=" " tag="035"><subfield code="a">(NEBIS)006282253EBI01</subfield></datafield><datafield ind1=" " ind2=" " tag="035"><subfield code="a">(EXLNZ-41SLSP_NETWORK)991137035379705501</subfield></datafield><datafield ind1=" " ind2=" " tag="040"><subfield code="a">RERO ifisdc</subfield><subfield code="d">CH-ZuSLS</subfield></datafield><datafield ind1=" " ind2="7" tag="072"><subfield code="a">dr</subfield><subfield code="2">rero</subfield></datafield><datafield ind1="1" ind2="4" tag="082"><subfield code="a">346.430 2</subfield><subfield code="2">22</subfield></datafield><datafield ind1=" " ind2=" " tag="084"><subfield code="a">CA/D 63 b</subfield><subfield code="2">cjurrom</subfield></datafield><datafield ind1=" " ind2=" " tag="084"><subfield code="a">CA/D 73.2 b</subfield><subfield code="2">cjurrom</subfield></datafield><datafield ind1="0" ind2="0" tag="245"><subfield code="a">§§ 563-580a, Anh zum Mietrecht: AGG (Mietrecht 2)</subfield><subfield code="c">Red. Dieter Reuter</subfield></datafield><datafield ind1="1" ind2=" " tag="246"><subfield code="a">[Par.] 563-580a, Anh zum Mietrecht: AGG (Mietrecht 2)</subfield></datafield><datafield ind1=" " ind2=" " tag="250"><subfield code="a">Neubearb. 2011</subfield><subfield code="b">von Volker Emmerich, Christian Rolfs ; Red.: Dieter Reuter</subfield></datafield><datafield ind1=" " ind2="1" tag="264"><subfield code="a">Berlin</subfield><subfield code="b">Sellier - de Gruyter</subfield><subfield code="c">2011</subfield></datafield><datafield ind1=" " ind2=" " tag="300"><subfield code="a">687 S.</subfield></datafield><datafield ind1=" " ind2=" " tag="336"><subfield code="b">txt</subfield><subfield code="2">rdacontent</subfield></datafield><datafield ind1=" " ind2=" " tag="337"><subfield code="b">n</subfield><subfield code="2">rdamedia</subfield></datafield><datafield ind1=" " ind2=" " tag="338"><subfield code="b">nc</subfield><subfield code="2">rdacarrier</subfield></datafield><datafield ind1="1" ind2=" " tag="490"><subfield code="a">J. von Staudingers Kommentar zum Bürgerlichen Gesetzbuch mit Einführungsgesetz und Nebengesetzen</subfield><subfield code="v">Buch 2.</subfield><subfield code="a">Recht der Schuldverhältnisse</subfield><subfield code="v">563-580a</subfield></datafield><datafield ind1="1" ind2=" " tag="490"><subfield code="a">J. von Staudingers Kommentar zum Bürgerlichen Gesetzbuch. Buch 2: Recht der Schuldverhältnisse</subfield></datafield><datafield ind1=" " ind2=" " tag="504"><subfield code="a">Includes bibliographical references, bibliographies and indexes</subfield></datafield><datafield ind1=" " ind2="0" tag="650"><subfield code="a">Civil law</subfield><subfield code="z">Germany</subfield></datafield><datafield ind1=" " ind2="7" tag="650"><subfield code="a">Miete</subfield><subfield code="9">ger</subfield><subfield code="0">(RERO)jurivoc000014979ger</subfield><subfield code="2">jurivoc</subfield></datafield><datafield ind1=" " ind2="7" tag="650"><subfield code="a">Pacht</subfield><subfield code="9">ger</subfield><subfield code="0">(RERO)jurivoc000016727ger</subfield><subfield code="2">jurivoc</subfield></datafield><datafield ind1=" " ind2="7" tag="650"><subfield code="a">bail à loyer</subfield><subfield code="0">(RERO)A009964705</subfield><subfield code="2">rerovoc</subfield></datafield><datafield ind1=" " ind2="7" tag="650"><subfield code="a">Obligations (droit)</subfield><subfield code="0">(IDREF)027265846</subfield><subfield code="2">idref</subfield></datafield><datafield ind1=" " ind2="7" tag="650"><subfield code="a">Droits de l'homme</subfield><subfield code="0">(IDREF)027466957</subfield><subfield code="2">idref</subfield></datafield><datafield ind1=" " ind2="7" tag="650"><subfield code="a">Égalité de rémunération</subfield><subfield code="0">(IDREF)027443051</subfield><subfield code="2">idref</subfield></datafield><datafield ind1=" " ind2="7" tag="650"><subfield code="a">Égalité devant la loi</subfield><subfield code="0">(IDREF)027772101</subfield><subfield code="2">idref</subfield></datafield><datafield ind1=" " ind2="7" tag="650"><subfield code="a">Miete</subfield><subfield code="2">idszbz</subfield></datafield><datafield ind1=" " ind2="7" tag="651"><subfield code="a">Deutschland</subfield><subfield code="9">ger</subfield><subfield code="0">(RERO)jurivoc000005510ger</subfield><subfield code="2">jurivoc</subfield></datafield><datafield ind1=" " ind2="7" tag="651"><subfield code="a">Allemagne</subfield><subfield code="0">(IDREF)027218856</subfield><subfield code="2">idref</subfield></datafield><datafield ind1=" " ind2="7" tag="651"><subfield code="a">Deutschland</subfield><subfield code="2">idszbz</subfield></datafield><datafield ind1=" " ind2="7" tag="655"><subfield code="a">Textreproduktion</subfield><subfield code="9">ger</subfield><subfield code="2">jurivoc</subfield><subfield code="0">(RERO)jurivoc000022433ger</subfield></datafield><datafield ind1=" " ind2="7" tag="655"><subfield code="a">Kommentar(Werk)</subfield><subfield code="9">ger</subfield><subfield code="2">jurivoc</subfield><subfield code="0">(RERO)jurivoc000013038ger</subfield></datafield><datafield ind1=" " ind2="7" tag="655"><subfield code="a">Manuels d'enseignement</subfield><subfield code="0">(IDREF)027446514</subfield><subfield code="2">idref</subfield></datafield><datafield ind1=" " ind2="7" tag="655"><subfield code="a">Kommentar</subfield><subfield code="2">idszbz</subfield></datafield><datafield ind1="1" ind2=" " tag="700"><subfield code="a">Rolfs, Christian</subfield></datafield><datafield ind1="1" ind2=" " tag="700"><subfield code="a">Reuter, Dieter</subfield><subfield code="0">(IDREF)032781768</subfield></datafield><datafield ind1="1" ind2=" " tag="700"><subfield code="a">Emmerich, Volker</subfield><subfield code="d">1938-</subfield><subfield code="0">(DE-588)115470018</subfield><subfield code="6">880-03</subfield></datafield><datafield ind1="1" ind2=" " tag="880"><subfield code="6">700-03</subfield><subfield code="a">Emmerich, Volker</subfield><subfield code="d">1938-....</subfield><subfield code="0">(IDREF)031647618</subfield></datafield><datafield ind1="4" ind2="2" tag="856"><subfield code="u">http://d-nb.info/1007279265/04</subfield></datafield><datafield ind1="4" ind2="2" tag="856"><subfield code="u">http://swbplus.bsz-bw.de/bsz335249035inh.htm</subfield></datafield><datafield ind1="4" ind2=" " tag="856"><subfield code="3">Titelblatt und Inhaltsverzeichnis</subfield><subfield code="u">https://toc.library.ethz.ch/objects/pdf/z01_978-3-8059-1104-7_01.pdf</subfield><subfield code="q">pdf</subfield></datafield><datafield ind1=" " ind2="0" tag="830"><subfield code="a">Recht der Schuldverhältnisse</subfield><subfield code="v">563-580a</subfield></datafield><datafield ind1=" " ind2="0" tag="830"><subfield code="a">J. von Staudingers Kommentar zum Bürgerlichen Gesetzbuch mit Einführungsgesetz und Nebengesetzen</subfield><subfield code="v">2/563-580a</subfield><subfield code="w">(RERO)R006369924-41slsp</subfield></datafield><datafield ind1=" " ind2="0" tag="830"><subfield code="a">Recht der Schuldverhältnisse</subfield><subfield code="w">(NEBIS)001390889EBI01</subfield></datafield><datafield ind1=" " ind2=" " tag="900"><subfield code="a">IDSZ2rwimon201101e</subfield><subfield code="c">IDSZ2rosi 110110</subfield><subfield code="d">IDSZ2rwiswk201101b</subfield><subfield code="e">IDSZ2rohn</subfield></datafield><datafield ind1=" " ind2=" " tag="900"><subfield code="a">IDSZ2zbzmon201102l</subfield><subfield code="c">IDSZ2rusc</subfield><subfield code="d">IDSZ2zbzswk201102u</subfield><subfield code="e">IDSZ2bruu</subfield></datafield><datafield ind1=" " ind2=" " tag="949"><subfield code="a">https://toc.library.ethz.ch/objects/pdf/z01_978-3-8059-1104-7_01.pdf</subfield></datafield><datafield ind1=" " ind2=" " tag="949"><subfield code="a">http://swbplus.bsz-bw.de/bsz335249035inh.htm</subfield></datafield></record>
</metadata></record>