<record><header><identifier>oai:alma.41SLSP_UGE:991000793989705502</identifier><datestamp>2023-07-01T00:24:18Z</datestamp><setSpec>uge_bcen_RapidILL_BOOK</setSpec><setSpec>uge_aaca_RapidILL_BOOK</setSpec><setSpec>uge_abels_RapidILL_BOOK</setSpec><setSpec>uge_dbu_RapidILL_BOOK</setSpec><setSpec>uge_cmu_RapidILL_BOOK</setSpec><setSpec>uge_mail_RapidILL_BOOK</setSpec><setSpec>uge_abbat_RapidILL_BOOK</setSpec><setSpec>UNIGE_ALL</setSpec><setSpec>uge_acar_RapidILL_BOOK</setSpec><setSpec>uge_aobs_RapidILL_BOOK</setSpec></header><metadata>
<record xmlns="http://www.loc.gov/MARC21/slim" xmlns:xsi="http://www.w3.org/2001/XMLSchema-instance" xsi:schemaLocation="http://www.loc.gov/MARC21/slim http://www.loc.gov/standards/marcxml/schema/MARC21slim.xsd"><leader>02570nam a2200421 c 4500</leader><controlfield tag="001">991000793989705502</controlfield><controlfield tag="005">20230630124051.0</controlfield><controlfield tag="008">201011s2011    be ||||| |||| 00| ||fre d</controlfield><datafield ind1=" " ind2=" " tag="020"><subfield code="a">9782801100875</subfield></datafield><datafield ind1=" " ind2=" " tag="035"><subfield code="a">(swissbib)225148765-41slsp_network</subfield></datafield><datafield ind1=" " ind2=" " tag="035"><subfield code="a">225148765</subfield><subfield code="9">ExL</subfield></datafield><datafield ind1=" " ind2=" " tag="035"><subfield code="a">(RERO)R007123154-41slsp</subfield></datafield><datafield ind1=" " ind2=" " tag="035"><subfield code="a">(IDSSG)000555151HSB01</subfield></datafield><datafield ind1=" " ind2=" " tag="035"><subfield code="a">(EXLNZ-41SLSP_NETWORK)991105492849705501</subfield></datafield><datafield ind1=" " ind2=" " tag="040"><subfield code="a">RERO vdchsu</subfield><subfield code="d">CH-ZuSLS</subfield></datafield><datafield ind1=" " ind2="7" tag="072"><subfield code="a">fr</subfield><subfield code="2">rero</subfield></datafield><datafield ind1="1" ind2=" " tag="100"><subfield code="a">Grevisse, Maurice</subfield><subfield code="d">1895-1980</subfield><subfield code="0">(DE-588)118813242</subfield><subfield code="6">880-01</subfield></datafield><datafield ind1="1" ind2=" " tag="880"><subfield code="6">100-01</subfield><subfield code="a">Grevisse, Maurice</subfield><subfield code="d">1895-1980</subfield><subfield code="0">(IDREF)026902931</subfield><subfield code="4">cre</subfield></datafield><datafield ind1="1" ind2="0" tag="245"><subfield code="a">&lt;&lt;Le&gt;&gt; petit Grevisse</subfield><subfield code="b">grammaire française</subfield><subfield code="c">Maurice Grevisse</subfield></datafield><datafield ind1=" " ind2=" " tag="250"><subfield code="a">32e éd., 3e tirage</subfield><subfield code="b">revue par Marc Lits</subfield></datafield><datafield ind1=" " ind2="1" tag="264"><subfield code="a">Bruxelles</subfield><subfield code="b">De Boeck / Duculot</subfield><subfield code="c">2011</subfield></datafield><datafield ind1=" " ind2=" " tag="300"><subfield code="a">383 p.</subfield></datafield><datafield ind1=" " ind2=" " tag="336"><subfield code="b">txt</subfield><subfield code="2">rdacontent</subfield></datafield><datafield ind1=" " ind2=" " tag="337"><subfield code="b">n</subfield><subfield code="2">rdamedia</subfield></datafield><datafield ind1=" " ind2=" " tag="338"><subfield code="b">nc</subfield><subfield code="2">rdacarrier</subfield></datafield><datafield ind1="0" ind2=" " tag="490"><subfield code="a">Grevisse langue française</subfield></datafield><datafield ind1=" " ind2="7" tag="650"><subfield code="a">Français (langue)</subfield><subfield code="0">(IDREF)027276635</subfield><subfield code="2">idref</subfield></datafield><datafield ind1=" " ind2="7" tag="650"><subfield code="a">Grammaire</subfield><subfield code="0">(IDREF)02863165X</subfield><subfield code="2">idref</subfield></datafield><datafield ind1=" " ind2="7" tag="650"><subfield code="a">Französisch</subfield><subfield code="0">(DE-588)4113615-9</subfield><subfield code="2">gnd</subfield></datafield><datafield ind1=" " ind2="7" tag="650"><subfield code="a">Grammatik</subfield><subfield code="0">(DE-588)4021806-5</subfield><subfield code="2">gnd</subfield></datafield><datafield ind1=" " ind2="7" tag="650"><subfield code="a">Grammatik</subfield><subfield code="x">Französisch</subfield><subfield code="0">(HPHSG)000003246</subfield><subfield code="2">hph-phsg</subfield></datafield><datafield ind1=" " ind2="7" tag="655"><subfield code="a">Manuels d'enseignement</subfield><subfield code="0">(IDREF)027446514</subfield><subfield code="2">idref</subfield></datafield><datafield ind1=" " ind2=" " tag="690"><subfield code="a">verbe ; liaison ; groupement ; juxtaposition ; syllabe ; mode ; syntaxe ; mot ; proposition ; infinitif ; adjectif ; apposition ; accord ; cause ; partie ; prononciation ; pronom ; pluriel ; article ; chapitre ; langue ; grammaire ; notion ; voyelle ; signe ; alphabet ; accent ; origine ; coupure ; phrase ; terme ; nombre ; omission ; table ; position ; ellipse ; ponctuations ; ponctuation ; genre ; cas ; place ; cardinal ; temps ; conjugaison ; adverbe ; agent ; variation ; forme ; voix ; conditionnel ; subjonctif ; participe ; objet ; but ; opposition ; condition ; concordance ; appendice ; rectification ; orthographe</subfield><subfield code="2">idssg-J</subfield></datafield><datafield ind1=" " ind2=" " tag="690"><subfield code="a">apparent s; autres subordonn</subfield><subfield code="2">idssg-J</subfield></datafield><datafield ind1=" " ind2=" " tag="690"><subfield code="a">GREVISSE; fran; boeck; duculot; res; ments; intensit; lision; r; gles; compl; terminants; ind; expl; tif; pl; onasme; elUpse; esp; TROISI; f; minin; compos; trangers; p; tition; degr; pith; num; raux; monstratifs; impersonnels; irr; guliers; fectifs; imp; ratif; QUATRI; subordonn; quence; e; minisation; alphab; th; matique; GREVISSE; RE; D; TROISI; QUATRI</subfield><subfield code="2">idssg-J</subfield></datafield><datafield ind1="1" ind2=" " tag="700"><subfield code="a">Lits, Marc</subfield><subfield code="d">1953-....</subfield><subfield code="0">(IDREF)03292450X</subfield></datafield><datafield ind1="4" ind2=" " tag="856"><subfield code="u">https://tools.unisg.ch/url/hm00391332</subfield><subfield code="z">Inhaltsverzeichnis</subfield></datafield><datafield ind1=" " ind2="0" tag="830"><subfield code="a">Grevisse langue française</subfield><subfield code="w">(IDSSG)000510205HSB01</subfield></datafield><datafield ind1=" " ind2=" " tag="949"><subfield code="a">https://tools.unisg.ch/url/hm00391332</subfield></datafield></record>
</metadata></record>