<record><header><identifier>oai:alma.41SLSP_UGE:991000793999705502</identifier><datestamp>2023-05-26T00:16:32Z</datestamp><setSpec>uge_bcen_RapidILL_BOOK</setSpec><setSpec>uge_aaca_RapidILL_BOOK</setSpec><setSpec>uge_abels_RapidILL_BOOK</setSpec><setSpec>uge_dbu_RapidILL_BOOK</setSpec><setSpec>uge_cmu_RapidILL_BOOK</setSpec><setSpec>uge_mail_RapidILL_BOOK</setSpec><setSpec>uge_abbat_RapidILL_BOOK</setSpec><setSpec>UNIGE_ALL</setSpec><setSpec>uge_aobs_RapidILL_BOOK</setSpec><setSpec>uge_acar_RapidILL_BOOK</setSpec></header><metadata>
<record xmlns="http://www.loc.gov/MARC21/slim" xmlns:xsi="http://www.w3.org/2001/XMLSchema-instance" xsi:schemaLocation="http://www.loc.gov/MARC21/slim http://www.loc.gov/standards/marcxml/schema/MARC21slim.xsd"><leader>01564nam a2200373 ca4500</leader><controlfield tag="001">991000793999705502</controlfield><controlfield tag="005">20230525155328.0</controlfield><controlfield tag="008">201011m19949999cu ||||| |||| 00| ||spa d</controlfield><datafield ind1=" " ind2=" " tag="020"><subfield code="a">9590100368</subfield><subfield code="q">Obra completa</subfield></datafield><datafield ind1=" " ind2=" " tag="020"><subfield code="a">9590101259</subfield><subfield code="q">Tomo II</subfield></datafield><datafield ind1=" " ind2=" " tag="020"><subfield code="a">9590101267</subfield><subfield code="q">Tomo III</subfield></datafield><datafield ind1=" " ind2=" " tag="035"><subfield code="a">(swissbib)216230357-41slsp_network</subfield></datafield><datafield ind1=" " ind2=" " tag="035"><subfield code="a">216230357</subfield><subfield code="9">ExL</subfield></datafield><datafield ind1=" " ind2=" " tag="035"><subfield code="a">(RERO)R004178667-41slsp</subfield></datafield><datafield ind1=" " ind2=" " tag="035"><subfield code="a">(IDSBB)004241183DSV01</subfield></datafield><datafield ind1=" " ind2=" " tag="035"><subfield code="a">(EXLNZ-41SLSP_NETWORK)991054795989705501</subfield></datafield><datafield ind1=" " ind2=" " tag="040"><subfield code="a">RERO geulhg</subfield><subfield code="d">CH-ZuSLS</subfield></datafield><datafield ind1=" " ind2="7" tag="072"><subfield code="a">ht</subfield><subfield code="2">rero</subfield></datafield><datafield ind1="0" ind2="0" tag="245"><subfield code="a">Historia de Cuba</subfield><subfield code="c">Instituto de Historia de Cuba ; grupo de redacción: María del Carmen Barcia... [et al.]</subfield></datafield><datafield ind1=" " ind2="1" tag="264"><subfield code="a">La Habana</subfield><subfield code="b">Editora politica</subfield><subfield code="c">1994-</subfield></datafield><datafield ind1=" " ind2=" " tag="300"><subfield code="a">3 Bde.</subfield><subfield code="b">Ill.</subfield></datafield><datafield ind1=" " ind2=" " tag="336"><subfield code="b">txt</subfield><subfield code="2">rdacontent</subfield></datafield><datafield ind1=" " ind2=" " tag="337"><subfield code="b">n</subfield><subfield code="2">rdamedia</subfield></datafield><datafield ind1=" " ind2=" " tag="338"><subfield code="b">nc</subfield><subfield code="2">rdacarrier</subfield></datafield><datafield ind1="0" ind2="0" tag="505"><subfield code="g">T. 1</subfield><subfield code="t">&lt;&lt;La&gt;&gt; colonia : evolución socioeconómica y formación nacional, de los origines hasta 1867</subfield></datafield><datafield ind1="0" ind2="0" tag="505"><subfield code="g">T. 2</subfield><subfield code="t">&lt;&lt;La&gt;&gt; luchas por la independencia nacional y las transformaciones estructurales, 1868-1898</subfield></datafield><datafield ind1="0" ind2="0" tag="505"><subfield code="g">T. 3</subfield><subfield code="t">&lt;&lt;La&gt;&gt; neocolonia : organizacion y crisis, desde 1899 hasta 1940</subfield></datafield><datafield ind1=" " ind2="7" tag="650"><subfield code="a">origines</subfield><subfield code="0">(RERO)A009950802</subfield><subfield code="2">rerovoc</subfield></datafield><datafield ind1=" " ind2="7" tag="650"><subfield code="a">50000 av. J.-C.-1940</subfield><subfield code="2">idref</subfield></datafield><datafield ind1=" " ind2="7" tag="651"><subfield code="a">Cuba</subfield><subfield code="0">(IDREF)02725108X</subfield><subfield code="2">idref</subfield></datafield><datafield ind1="1" ind2=" " tag="700"><subfield code="a">Cantón Navarro, José</subfield><subfield code="d">1925-2008</subfield><subfield code="0">(IDREF)137769253</subfield></datafield><datafield ind1="1" ind2=" " tag="700"><subfield code="a">Barcia Zequeira, María del Carmen</subfield><subfield code="0">(RERO)A002968636</subfield></datafield><datafield ind1="2" ind2=" " tag="710"><subfield code="a">Instituto de Historia de Cuba</subfield><subfield code="0">(DE-588)1086677579</subfield><subfield code="6">880-04</subfield></datafield><datafield ind1="2" ind2=" " tag="880"><subfield code="6">710-04</subfield><subfield code="a">Instituto de história de Cuba</subfield><subfield code="g">La Havane, Cuba</subfield><subfield code="0">(IDREF)15201831X</subfield></datafield><datafield ind1=" " ind2=" " tag="900"><subfield code="a">REROnoselfmerge</subfield></datafield></record>
</metadata></record>