<record><header><identifier>oai:alma.41SLSP_UGE:991000794079705502</identifier><datestamp>2023-03-01T01:09:45Z</datestamp><setSpec>uge_bcen_RapidILL_BOOK</setSpec><setSpec>uge_aaca_RapidILL_BOOK</setSpec><setSpec>uge_abels_RapidILL_BOOK</setSpec><setSpec>uge_dbu_RapidILL_BOOK</setSpec><setSpec>uge_cmu_RapidILL_BOOK</setSpec><setSpec>uge_mail_RapidILL_BOOK</setSpec><setSpec>UNIGE_ALL</setSpec><setSpec>uge_abbat_RapidILL_BOOK</setSpec><setSpec>uge_aobs_RapidILL_BOOK</setSpec><setSpec>uge_acar_RapidILL_BOOK</setSpec></header><metadata>
<record xmlns="http://www.loc.gov/MARC21/slim" xmlns:xsi="http://www.w3.org/2001/XMLSchema-instance" xsi:schemaLocation="http://www.loc.gov/MARC21/slim http://www.loc.gov/standards/marcxml/schema/MARC21slim.xsd"><leader>01653nam a2200445 c 4500</leader><controlfield tag="001">991000794079705502</controlfield><controlfield tag="005">20201230225123.0</controlfield><controlfield tag="008">201011s2004    xxu||||| |||| 00| ||eng d</controlfield><datafield ind1=" " ind2=" " tag="010"><subfield code="a">2003054237</subfield></datafield><datafield ind1=" " ind2=" " tag="020"><subfield code="a">0387401229</subfield></datafield><datafield ind1=" " ind2=" " tag="035"><subfield code="a">(swissbib)220409838-41slsp_network</subfield></datafield><datafield ind1=" " ind2=" " tag="035"><subfield code="a">220409838</subfield><subfield code="9">ExL</subfield></datafield><datafield ind1=" " ind2=" " tag="035"><subfield code="a">(RERO)R003736900-41slsp</subfield></datafield><datafield ind1=" " ind2=" " tag="035"><subfield code="a">(NEBIS)005236478EBI01</subfield></datafield><datafield ind1=" " ind2=" " tag="035"><subfield code="a">(EXLNZ-41SLSP_NETWORK)991126951679705501</subfield></datafield><datafield ind1=" " ind2=" " tag="040"><subfield code="a">RERO geussp</subfield><subfield code="d">CH-ZuSLS</subfield></datafield><datafield ind1=" " ind2="7" tag="072"><subfield code="a">ma</subfield><subfield code="2">rero</subfield></datafield><datafield ind1="1" ind2=" " tag="100"><subfield code="6">880-01</subfield><subfield code="a">Hall, Brian C.</subfield><subfield code="d">19..-....</subfield><subfield code="0">(IDREF)075105381</subfield><subfield code="4">cre</subfield></datafield><datafield ind1="1" ind2=" " tag="880"><subfield code="a">Hall, Brian C.</subfield><subfield code="0">(DE-588)1038321050</subfield><subfield code="6">100-01</subfield></datafield><datafield ind1="1" ind2="0" tag="245"><subfield code="a">Lie groups, Lie algebras, and representations</subfield><subfield code="b">an elementary introduction</subfield><subfield code="c">Brian C. Hall</subfield></datafield><datafield ind1=" " ind2=" " tag="250"><subfield code="a">Corrected 2nd printing</subfield></datafield><datafield ind1=" " ind2="1" tag="264"><subfield code="a">New York [etc.]</subfield><subfield code="b">Springer</subfield><subfield code="c">2004</subfield></datafield><datafield ind1=" " ind2=" " tag="300"><subfield code="a">XIV, 351 p.</subfield><subfield code="b">ill.</subfield><subfield code="c">25 cm</subfield></datafield><datafield ind1=" " ind2=" " tag="336"><subfield code="b">txt</subfield><subfield code="2">rdacontent</subfield></datafield><datafield ind1=" " ind2=" " tag="337"><subfield code="b">n</subfield><subfield code="2">rdamedia</subfield></datafield><datafield ind1=" " ind2=" " tag="338"><subfield code="b">nc</subfield><subfield code="2">rdacarrier</subfield></datafield><datafield ind1="1" ind2=" " tag="490"><subfield code="a">Graduate texts in mathematics</subfield><subfield code="v">222</subfield></datafield><datafield ind1=" " ind2=" " tag="504"><subfield code="a">Bibliogr.: p. 345-346</subfield></datafield><datafield ind1=" " ind2="7" tag="650"><subfield code="a">Lie-Algebra</subfield><subfield code="2">idszbz</subfield></datafield><datafield ind1=" " ind2="7" tag="650"><subfield code="a">Lie-Gruppe</subfield><subfield code="2">idszbz</subfield></datafield><datafield ind1=" " ind2="0" tag="650"><subfield code="a">Lie algebras</subfield></datafield><datafield ind1=" " ind2="0" tag="650"><subfield code="a">Lie groups</subfield></datafield><datafield ind1=" " ind2="0" tag="650"><subfield code="a">Representations of algebras</subfield></datafield><datafield ind1=" " ind2="0" tag="650"><subfield code="a">Representations of groups</subfield></datafield><datafield ind1=" " ind2="7" tag="650"><subfield code="a">LEHRBÜCHER (DOKUMENTENTYP)</subfield><subfield code="9">ger</subfield><subfield code="0">(ETHUDK)000000099</subfield><subfield code="2">ethudk</subfield></datafield><datafield ind1=" " ind2="7" tag="650"><subfield code="a">LIE-GRUPPEN (ALGEBRA)</subfield><subfield code="9">ger</subfield><subfield code="0">(ETHUDK)000012844</subfield><subfield code="2">ethudk</subfield></datafield><datafield ind1=" " ind2="7" tag="650"><subfield code="a">LIE-RINGE UND LIE-ALGEBREN (ALGEBRA)</subfield><subfield code="9">ger</subfield><subfield code="0">(ETHUDK)000012712</subfield><subfield code="2">ethudk</subfield></datafield><datafield ind1=" " ind2="7" tag="650"><subfield code="a">LINEARE DARSTELLUNGEN VON LIE-ALGEBREN UND LIE-GRUPPEN</subfield><subfield code="9">ger</subfield><subfield code="0">(ETHUDK)000012853</subfield><subfield code="2">ethudk</subfield></datafield><datafield ind1=" " ind2="7" tag="655"><subfield code="a">Lehrbuch</subfield><subfield code="2">idszbz</subfield></datafield><datafield ind1=" " ind2=" " tag="830"><subfield code="a">Graduate texts in mathematics</subfield><subfield code="v">222</subfield><subfield code="w">(RERO)0140334-41slsp</subfield></datafield><datafield ind1=" " ind2=" " tag="900"><subfield code="a">REROnoselfmerge</subfield></datafield></record>
</metadata></record>