<record><header><identifier>oai:alma.41SLSP_UGE:991000793359705502</identifier><datestamp>2023-03-01T01:09:45Z</datestamp><setSpec>uge_cmu_RapidILL_JOURNAL</setSpec><setSpec>uge_aobs_RapidILL_JOURNAL</setSpec><setSpec>uge_aaca_RapidILL_JOURNAL</setSpec><setSpec>uge_bcen_RapidILL_JOURNAL</setSpec><setSpec>uge_abbat_RapidILL_JOURNAL</setSpec><setSpec>uge_dbu_RapidILL_JOURNAL</setSpec><setSpec>uge_mail_RapidILL_JOURNAL</setSpec><setSpec>UNIGE_ALL</setSpec><setSpec>uge_abels_RapidILL_JOURNAL</setSpec><setSpec>uge_acar_RapidILL_JOURNAL</setSpec></header><metadata>
<record xmlns="http://www.loc.gov/MARC21/slim" xmlns:xsi="http://www.w3.org/2001/XMLSchema-instance" xsi:schemaLocation="http://www.loc.gov/MARC21/slim http://www.loc.gov/standards/marcxml/schema/MARC21slim.xsd"><leader>01671nas a2200337 c 4500</leader><controlfield tag="001">991000793359705502</controlfield><controlfield tag="005">20230216203056.0</controlfield><controlfield tag="008">960525c19769999gr || p|  ||| 0    0gre d</controlfield><datafield ind1=" " ind2=" " tag="022"><subfield code="a">1105-073X</subfield></datafield><datafield ind1=" " ind2=" " tag="035"><subfield code="a">(swissbib)077331516-41slsp_network</subfield></datafield><datafield ind1=" " ind2=" " tag="035"><subfield code="a">077331516</subfield><subfield code="9">ExL</subfield></datafield><datafield ind1=" " ind2=" " tag="035"><subfield code="a">(RERO)0154562-41slsp</subfield></datafield><datafield ind1=" " ind2=" " tag="035"><subfield code="a">(EXLNZ-41SLSP_NETWORK)991076555959705501</subfield></datafield><datafield ind1=" " ind2=" " tag="040"><subfield code="a">RERO</subfield><subfield code="d">CH-ZuSLS</subfield></datafield><datafield ind1="0" ind2=" " tag="041"><subfield code="a">gre</subfield><subfield code="a">eng</subfield></datafield><datafield ind1=" " ind2="7" tag="072"><subfield code="a">gr</subfield><subfield code="2">rero</subfield></datafield><datafield ind1=" " ind2="7" tag="072"><subfield code="a">ha</subfield><subfield code="2">rero</subfield></datafield><datafield ind1="0" ind2="0" tag="245"><subfield code="6">880-01</subfield><subfield code="a">Platōn</subfield><subfield code="b">deltion tēs Etaireias Hellēnōn philologōn</subfield></datafield><datafield ind1="0" ind2="0" tag="880"><subfield code="6">245-01/(S</subfield><subfield code="a">Πλάτων</subfield><subfield code="b">δέλτιον της Εταιρείας Ελληνών φιλολόγων</subfield></datafield><datafield ind1=" " ind2="1" tag="264"><subfield code="6">880-02</subfield><subfield code="a">En Athi̲nais</subfield></datafield><datafield ind1=" " ind2="1" tag="880"><subfield code="6">264-02/(S</subfield><subfield code="a">Εν Αθήναις</subfield></datafield><datafield ind1=" " ind2=" " tag="300"><subfield code="c">8⁰</subfield></datafield><datafield ind1=" " ind2=" " tag="310"><subfield code="a">Annuel</subfield></datafield><datafield ind1=" " ind2=" " tag="336"><subfield code="b">txt</subfield><subfield code="2">rdacontent</subfield></datafield><datafield ind1=" " ind2=" " tag="337"><subfield code="b">n</subfield><subfield code="2">rdamedia</subfield></datafield><datafield ind1=" " ind2=" " tag="338"><subfield code="b">nc</subfield><subfield code="2">rdacarrier</subfield></datafield><datafield ind1=" " ind2="7" tag="650"><subfield code="a">Philosophie grecque</subfield><subfield code="0">(IDREF)027284573</subfield><subfield code="2">idref</subfield></datafield><datafield ind1=" " ind2="7" tag="651"><subfield code="a">Grèce</subfield><subfield code="y">Jusqu'à 395</subfield><subfield code="0">(IDREF)027355802</subfield><subfield code="2">idref</subfield></datafield><datafield ind1=" " ind2="7" tag="655"><subfield code="a">Périodiques</subfield><subfield code="0">(IDREF)02724640X</subfield><subfield code="2">idref</subfield></datafield><datafield ind1="2" ind2=" " tag="710"><subfield code="6">880-03</subfield><subfield code="a">Etaireía Ellī́nōn Filológōn</subfield><subfield code="0">(IDREF)18445252X</subfield></datafield><datafield ind1="2" ind2=" " tag="880"><subfield code="6">710-03/(S</subfield><subfield code="a">Εταιρεία Ελληνών Φιλολόγων</subfield></datafield><datafield ind1=" " ind2=" " tag="900"><subfield code="a">REROnoselfmerge</subfield></datafield></record>
</metadata></record>