<record><header><identifier>oai:alma.41SLSP_UGE:991000793669705502</identifier><datestamp>2023-03-01T01:09:45Z</datestamp><setSpec>uge_bcen_RapidILL_BOOK</setSpec><setSpec>uge_aaca_RapidILL_BOOK</setSpec><setSpec>uge_abels_RapidILL_BOOK</setSpec><setSpec>uge_dbu_RapidILL_BOOK</setSpec><setSpec>uge_cmu_RapidILL_BOOK</setSpec><setSpec>uge_mail_RapidILL_BOOK</setSpec><setSpec>UNIGE_ALL</setSpec><setSpec>uge_abbat_RapidILL_BOOK</setSpec><setSpec>uge_aobs_RapidILL_BOOK</setSpec><setSpec>uge_acar_RapidILL_BOOK</setSpec></header><metadata>
<record xmlns="http://www.loc.gov/MARC21/slim" xmlns:xsi="http://www.w3.org/2001/XMLSchema-instance" xsi:schemaLocation="http://www.loc.gov/MARC21/slim http://www.loc.gov/standards/marcxml/schema/MARC21slim.xsd"><leader>01846nam a2200445 c 4500</leader><controlfield tag="001">991000793669705502</controlfield><controlfield tag="005">20230217205707.0</controlfield><controlfield tag="008">201011s1988    it ||||| |||| 00| ||ita d</controlfield><datafield ind1=" " ind2=" " tag="035"><subfield code="a">(swissbib)231420366-41slsp_network</subfield></datafield><datafield ind1=" " ind2=" " tag="035"><subfield code="a">231420366</subfield><subfield code="9">ExL</subfield></datafield><datafield ind1=" " ind2=" " tag="035"><subfield code="a">(RERO)1699482-41slsp</subfield></datafield><datafield ind1=" " ind2=" " tag="035"><subfield code="a">(NEBIS)001142154EBI01</subfield></datafield><datafield ind1=" " ind2=" " tag="035"><subfield code="a">(EXLNZ-41SLSP_NETWORK)991103554589705501</subfield></datafield><datafield ind1=" " ind2=" " tag="040"><subfield code="a">RERO frbcuc</subfield><subfield code="d">CH-ZuSLS</subfield></datafield><datafield ind1=" " ind2="7" tag="072"><subfield code="a">la</subfield><subfield code="2">rero</subfield></datafield><datafield ind1="1" ind2=" " tag="080"><subfield code="a">930.271(37)</subfield></datafield><datafield ind1="1" ind2=" " tag="100"><subfield code="a">Criniti, Nicola</subfield><subfield code="d">1941-</subfield><subfield code="0">(RERO)A028520050</subfield><subfield code="4">cre</subfield></datafield><datafield ind1="1" ind2="0" tag="245"><subfield code="a">Tavole di conguaglio fra il &quot;Corpus inscriptionum latinarum&quot; e i &quot;Carmina latina epigraphica&quot;</subfield><subfield code="c">Nicola Criniti</subfield></datafield><datafield ind1=" " ind2="1" tag="264"><subfield code="a">Roma</subfield><subfield code="b">&quot;Don Bosco&quot;</subfield><subfield code="c">1988</subfield></datafield><datafield ind1=" " ind2=" " tag="300"><subfield code="a">82 p.</subfield><subfield code="c">26 cm</subfield></datafield><datafield ind1=" " ind2=" " tag="336"><subfield code="b">txt</subfield><subfield code="2">rdacontent</subfield></datafield><datafield ind1=" " ind2=" " tag="337"><subfield code="b">n</subfield><subfield code="2">rdamedia</subfield></datafield><datafield ind1=" " ind2=" " tag="338"><subfield code="b">nc</subfield><subfield code="2">rdacarrier</subfield></datafield><datafield ind1="1" ind2=" " tag="490"><subfield code="a">Studi pubblicati dall' Istituto italiano per la storia antica</subfield><subfield code="v">fasc. speciale</subfield></datafield><datafield ind1="0" ind2="7" tag="630"><subfield code="a">Carmina latina epigraphica</subfield><subfield code="0">(IDREF)029070082</subfield><subfield code="2">idref</subfield></datafield><datafield ind1="0" ind2="7" tag="630"><subfield code="a">Corpus inscriptionum latinarum</subfield><subfield code="0">(RERO)A010069131</subfield><subfield code="2">rero</subfield></datafield><datafield ind1="0" ind2="7" tag="630"><subfield code="a">Corpus Inscriptionum Latinarum</subfield><subfield code="2">idszbz</subfield></datafield><datafield ind1="0" ind2="7" tag="630"><subfield code="a">Carmina Latina epigraphica</subfield><subfield code="0">(DE-588)4201247-8</subfield><subfield code="2">gnd</subfield></datafield><datafield ind1="0" ind2="7" tag="630"><subfield code="a">Corpus inscriptionum Latinarum</subfield><subfield code="0">(DE-588)4222745-8</subfield><subfield code="2">gnd</subfield></datafield><datafield ind1="0" ind2="0" tag="630"><subfield code="a">Carmina Latina epigraphica</subfield><subfield code="v">Concordances</subfield></datafield><datafield ind1="0" ind2="0" tag="630"><subfield code="a">Corpus inscriptionum Latinarum</subfield><subfield code="v">Concordances</subfield></datafield><datafield ind1=" " ind2="7" tag="650"><subfield code="a">Inscriptions latines</subfield><subfield code="0">(IDREF)027278212</subfield><subfield code="2">idref</subfield></datafield><datafield ind1=" " ind2="7" tag="650"><subfield code="a">Inschrift</subfield><subfield code="2">idszbz</subfield></datafield><datafield ind1=" " ind2="7" tag="650"><subfield code="a">Latein</subfield><subfield code="2">idszbz</subfield></datafield><datafield ind1=" " ind2="7" tag="650"><subfield code="a">Versinschrift</subfield><subfield code="0">(DE-588)4188019-5</subfield><subfield code="2">gnd</subfield></datafield><datafield ind1=" " ind2="0" tag="650"><subfield code="a">Inscriptions, Latin</subfield><subfield code="v">Concordances</subfield></datafield><datafield ind1=" " ind2="7" tag="655"><subfield code="a">Concordances</subfield><subfield code="0">(IDREF)027230686</subfield><subfield code="2">idref</subfield></datafield><datafield ind1=" " ind2="7" tag="655"><subfield code="a">Verzeichnis</subfield><subfield code="2">idszbz</subfield></datafield><datafield ind1=" " ind2=" " tag="830"><subfield code="a">Studi pubblicati dall'Istituto italiano per la storia antica</subfield><subfield code="v">SPECIALE</subfield><subfield code="w">(NEBIS)000977251EBI01</subfield></datafield><datafield ind1=" " ind2=" " tag="830"><subfield code="a">Studi pubblicati dall'Istituto italiano per la storia antica</subfield><subfield code="v">v</subfield><subfield code="w">(RERO)0041770-41slsp</subfield></datafield><datafield ind1=" " ind2=" " tag="900"><subfield code="a">REROnoselfmerge</subfield></datafield></record>
</metadata></record>