<record><header><identifier>oai:alma.41SLSP_UGE:991000766219705502</identifier><datestamp>2023-03-01T01:09:46Z</datestamp><setSpec>uge_bcen_RapidILL_BOOK</setSpec><setSpec>uge_aaca_RapidILL_BOOK</setSpec><setSpec>uge_abels_RapidILL_BOOK</setSpec><setSpec>uge_dbu_RapidILL_BOOK</setSpec><setSpec>uge_cmu_RapidILL_BOOK</setSpec><setSpec>uge_mail_RapidILL_BOOK</setSpec><setSpec>UNIGE_ALL</setSpec><setSpec>uge_abbat_RapidILL_BOOK</setSpec><setSpec>uge_aobs_RapidILL_BOOK</setSpec><setSpec>uge_acar_RapidILL_BOOK</setSpec></header><metadata>
<record xmlns="http://www.loc.gov/MARC21/slim" xmlns:xsi="http://www.w3.org/2001/XMLSchema-instance" xsi:schemaLocation="http://www.loc.gov/MARC21/slim http://www.loc.gov/standards/marcxml/schema/MARC21slim.xsd"><leader>01747nam a22004452c 4500</leader><controlfield tag="001">991000766219705502</controlfield><controlfield tag="005">20210206202514.0</controlfield><controlfield tag="008">101203s1975    cc ||||| |||| 00| ||chi d</controlfield><datafield ind1=" " ind2=" " tag="020"><subfield code="a">7101003176</subfield><subfield code="c">RMBY6.30 (set)</subfield></datafield><datafield ind1=" " ind2=" " tag="020"><subfield code="a">9787101003178</subfield></datafield><datafield ind1=" " ind2=" " tag="035"><subfield code="a">(swissbib)111255910-41slsp_network</subfield></datafield><datafield ind1=" " ind2=" " tag="035"><subfield code="a">111255910</subfield><subfield code="9">ExL</subfield></datafield><datafield ind1=" " ind2=" " tag="035"><subfield code="a">(RERO)R005731851-41slsp</subfield></datafield><datafield ind1=" " ind2=" " tag="035"><subfield code="a">(EXLNZ-41SLSP_NETWORK)991021722109705501</subfield></datafield><datafield ind1=" " ind2=" " tag="040"><subfield code="a">ILU</subfield><subfield code="d">CH-ZuSLS</subfield></datafield><datafield ind1=" " ind2="4" tag="050"><subfield code="a">DS748.5</subfield><subfield code="b">.L54 1975</subfield></datafield><datafield ind1=" " ind2="7" tag="072"><subfield code="a">or</subfield><subfield code="2">rero</subfield></datafield><datafield ind1="0" ind2="4" tag="082"><subfield code="a">951.015</subfield><subfield code="b">L693, N175, 1975</subfield></datafield><datafield ind1="1" ind2=" " tag="100"><subfield code="6">880-01</subfield><subfield code="a">Li, Yanshou</subfield><subfield code="d">06..-06..</subfield><subfield code="0">(IDREF)12371429X</subfield><subfield code="4">cre</subfield></datafield><datafield ind1="0" ind2=" " tag="880"><subfield code="6">100-01/$1</subfield><subfield code="a">李延夀</subfield><subfield code="d">7ème siècle</subfield></datafield><datafield ind1="1" ind2="0" tag="245"><subfield code="6">880-02</subfield><subfield code="a">Nan shi</subfield><subfield code="b">[80 juan]</subfield><subfield code="c">Li Yanshou zhuan</subfield></datafield><datafield ind1="1" ind2="0" tag="880"><subfield code="6">245-02/$1</subfield><subfield code="a">南史</subfield><subfield code="b">[80卷]</subfield><subfield code="c">李延夀撰</subfield></datafield><datafield ind1="1" ind2=" " tag="246"><subfield code="a">Nanshi</subfield></datafield><datafield ind1=" " ind2=" " tag="250"><subfield code="6">880-03</subfield><subfield code="a">Di 1 ban</subfield></datafield><datafield ind1=" " ind2=" " tag="880"><subfield code="6">250-03/$1</subfield><subfield code="a">第1版</subfield></datafield><datafield ind1=" " ind2="1" tag="264"><subfield code="6">880-04</subfield><subfield code="a">Beijing</subfield><subfield code="b">Zhonghua shu ju</subfield><subfield code="c">1975</subfield></datafield><datafield ind1=" " ind2="1" tag="880"><subfield code="6">264-04/$1</subfield><subfield code="a">北京</subfield><subfield code="b">中華書局</subfield><subfield code="c">1975</subfield></datafield><datafield ind1=" " ind2=" " tag="300"><subfield code="a">6 vol. (9, 53, 2027 p.)</subfield><subfield code="c">21 cm</subfield></datafield><datafield ind1=" " ind2=" " tag="336"><subfield code="b">txt</subfield><subfield code="2">rdacontent</subfield></datafield><datafield ind1=" " ind2=" " tag="337"><subfield code="b">n</subfield><subfield code="2">rdamedia</subfield></datafield><datafield ind1=" " ind2=" " tag="338"><subfield code="b">nc</subfield><subfield code="2">rdacarrier</subfield></datafield><datafield ind1="1" ind2=" " tag="490"><subfield code="6">880-05</subfield><subfield code="a">[Er shi si shi</subfield><subfield code="v">v.14]</subfield></datafield><datafield ind1="0" ind2=" " tag="880"><subfield code="6">490-05/$1</subfield><subfield code="a">[二十四史</subfield><subfield code="v">v.14]</subfield></datafield><datafield ind1="0" ind2=" " tag="505"><subfield code="6">880-06</subfield><subfield code="a">1. Ji -- 2-6. Zhuan</subfield></datafield><datafield ind1="0" ind2=" " tag="880"><subfield code="6">505-06/$1</subfield><subfield code="a">1. 纪 -- 2-6. 傳</subfield></datafield><datafield ind1=" " ind2="0" tag="651"><subfield code="a">China</subfield><subfield code="x">History</subfield><subfield code="y">Northern and Southern dynasties, 386-589</subfield></datafield><datafield ind1="2" ind2=" " tag="710"><subfield code="6">880-07</subfield><subfield code="a">Zhonghua shu ju</subfield><subfield code="b">Bian ji bu</subfield><subfield code="0">(RERO)A013663442</subfield></datafield><datafield ind1="2" ind2=" " tag="880"><subfield code="6">710-07/$1</subfield><subfield code="a">中華書局</subfield><subfield code="b">編輯部</subfield></datafield><datafield ind1=" " ind2="0" tag="830"><subfield code="6">880-08</subfield><subfield code="a">Er shi si shi</subfield><subfield code="v">14</subfield><subfield code="w">(RERO)R007058262-41slsp</subfield></datafield><datafield ind1=" " ind2="0" tag="880"><subfield code="6">830-08/$1</subfield><subfield code="a">二十四史</subfield><subfield code="v">v.14]</subfield></datafield><datafield ind1=" " ind2=" " tag="900"><subfield code="a">REROnoselfmerge</subfield></datafield></record>
</metadata></record>