<record><header><identifier>oai:alma.41SLSP_UGE:991000766529705502</identifier><datestamp>2023-03-01T01:09:46Z</datestamp><setSpec>uge_bcen_RapidILL_BOOK</setSpec><setSpec>uge_aaca_RapidILL_BOOK</setSpec><setSpec>uge_abels_RapidILL_BOOK</setSpec><setSpec>uge_dbu_RapidILL_BOOK</setSpec><setSpec>uge_cmu_RapidILL_BOOK</setSpec><setSpec>uge_mail_RapidILL_BOOK</setSpec><setSpec>UNIGE_ALL</setSpec><setSpec>uge_abbat_RapidILL_BOOK</setSpec><setSpec>uge_aobs_RapidILL_BOOK</setSpec><setSpec>uge_acar_RapidILL_BOOK</setSpec></header><metadata>
<record xmlns="http://www.loc.gov/MARC21/slim" xmlns:xsi="http://www.w3.org/2001/XMLSchema-instance" xsi:schemaLocation="http://www.loc.gov/MARC21/slim http://www.loc.gov/standards/marcxml/schema/MARC21slim.xsd"><leader>02123nam a22005052c 4500</leader><controlfield tag="001">991000766529705502</controlfield><controlfield tag="005">20230115195602.0</controlfield><controlfield tag="008">201012s1970    gw            00| | ger d</controlfield><datafield ind1=" " ind2=" " tag="035"><subfield code="a">(swissbib)242958915-41slsp_network</subfield></datafield><datafield ind1=" " ind2=" " tag="035"><subfield code="a">242958915</subfield><subfield code="9">ExL</subfield></datafield><datafield ind1=" " ind2=" " tag="035"><subfield code="a">(IDSLU)000640388ILU01</subfield></datafield><datafield ind1=" " ind2=" " tag="035"><subfield code="a">(NEBIS)005340104EBI01</subfield></datafield><datafield ind1=" " ind2=" " tag="035"><subfield code="a">(RERO)0394969-41slsp</subfield></datafield><datafield ind1=" " ind2=" " tag="035"><subfield code="a">(IDSBB)001204590DSV01</subfield></datafield><datafield ind1=" " ind2=" " tag="035"><subfield code="a">(EXLNZ-41SLSP_NETWORK)991059596739705501</subfield></datafield><datafield ind1=" " ind2=" " tag="040"><subfield code="a">SzZuIDS BS/BE A100</subfield><subfield code="e">kids</subfield><subfield code="d">CH-ZuSLS</subfield></datafield><datafield ind1=" " ind2="7" tag="072"><subfield code="a">ph</subfield><subfield code="2">rero</subfield></datafield><datafield ind1=" " ind2="7" tag="072"><subfield code="a">ph</subfield><subfield code="2">SzZuIDS BS/BE</subfield></datafield><datafield ind1="0" ind2="4" tag="082"><subfield code="a">340.1</subfield></datafield><datafield ind1="1" ind2="4" tag="082"><subfield code="a">193</subfield><subfield code="2">22</subfield></datafield><datafield ind1="1" ind2=" " tag="100"><subfield code="6">880-01</subfield><subfield code="a">Hegel, Georg Wilhelm Friedrich</subfield><subfield code="d">1770-1831</subfield><subfield code="0">(IDREF)026917467</subfield><subfield code="4">cre</subfield></datafield><datafield ind1="1" ind2=" " tag="880"><subfield code="a">Hegel, Georg Wilhelm Friedrich</subfield><subfield code="d">1770-1831</subfield><subfield code="0">(DE-588)118547739</subfield><subfield code="6">100-01</subfield></datafield><datafield ind1="1" ind2="0" tag="245"><subfield code="a">Grundlinien der Philosophie des Rechts, oder Naturrecht und Staatswissenschaft im Grundrisse</subfield><subfield code="b">mit Hegels eigenhändigen Notizen und den mündlichen Zusätzen</subfield><subfield code="c">Georg Wilhelm Friedrich Hegel</subfield></datafield><datafield ind1=" " ind2="1" tag="264"><subfield code="a">Frankfurt a.M.</subfield><subfield code="b">Suhrkamp</subfield><subfield code="c">1970</subfield></datafield><datafield ind1=" " ind2=" " tag="300"><subfield code="a">530 p.</subfield><subfield code="c">18 cm</subfield></datafield><datafield ind1=" " ind2=" " tag="336"><subfield code="b">txt</subfield><subfield code="2">rdacontent</subfield></datafield><datafield ind1=" " ind2=" " tag="337"><subfield code="b">n</subfield><subfield code="2">rdamedia</subfield></datafield><datafield ind1=" " ind2=" " tag="338"><subfield code="b">nc</subfield><subfield code="2">rdacarrier</subfield></datafield><datafield ind1="1" ind2=" " tag="490"><subfield code="a">Werke / Georg Wilhelm Friedrich Hegel</subfield><subfield code="v">Bd. 7</subfield></datafield><datafield ind1="0" ind2=" " tag="490"><subfield code="a">Theorie-Werkausgabe</subfield></datafield><datafield ind1="1" ind2=" " tag="490"><subfield code="a">Werke in zwanzig Bänden / G.W.F. Hegel</subfield><subfield code="v">7</subfield></datafield><datafield ind1="1" ind2="7" tag="600"><subfield code="a">Hegel, Georg Wilhelm Friedrich</subfield><subfield code="d">1770-1831</subfield><subfield code="t">Grundlinien der Philosophie des Rechts</subfield><subfield code="0">(DE-588)4122466-8</subfield><subfield code="2">gnd</subfield></datafield><datafield ind1=" " ind2="7" tag="650"><subfield code="a">Rechtsphilosophie</subfield><subfield code="0">(DE-588)4048821-4</subfield><subfield code="2">gnd</subfield></datafield><datafield ind1=" " ind2="0" tag="650"><subfield code="a">Ethics</subfield></datafield><datafield ind1=" " ind2="0" tag="650"><subfield code="a">Law</subfield><subfield code="x">Philosophy</subfield></datafield><datafield ind1=" " ind2="0" tag="650"><subfield code="a">Natural law</subfield></datafield><datafield ind1=" " ind2="0" tag="650"><subfield code="a">Political science</subfield></datafield><datafield ind1=" " ind2="7" tag="650"><subfield code="a">Philosophie</subfield><subfield code="0">(IDREF)027295206</subfield><subfield code="2">idref</subfield></datafield><datafield ind1=" " ind2="7" tag="650"><subfield code="a">Droit</subfield><subfield code="0">(IDREF)027466868</subfield><subfield code="2">idref</subfield></datafield><datafield ind1=" " ind2="7" tag="655"><subfield code="a">Manuels d'enseignement</subfield><subfield code="0">(IDREF)027446514</subfield><subfield code="2">idref</subfield></datafield><datafield ind1=" " ind2=" " tag="690"><subfield code="a">Rechtsphilosophie. A.D.</subfield><subfield code="2">rzs-L1</subfield></datafield><datafield ind1="1" ind2=" " tag="800"><subfield code="a">Hegel, Georg Wilhelm Friedrich</subfield><subfield code="d">1770-1831</subfield><subfield code="t">Werke : [in zwanzig Bänden]</subfield><subfield code="v">7</subfield></datafield><datafield ind1="1" ind2=" " tag="800"><subfield code="a">Hegel, Georg Wilhelm Friedrich</subfield><subfield code="d">1770-1831</subfield><subfield code="t">Werke</subfield><subfield code="v">7</subfield><subfield code="w">(NEBIS)005339754EBI01</subfield></datafield><datafield ind1="1" ind2=" " tag="800"><subfield code="a">Hegel, Georg Wilhelm Friedrich</subfield><subfield code="d">1770-1831</subfield><subfield code="t">Werke in zwanzig Bänden</subfield><subfield code="v">7/1970</subfield><subfield code="w">(IDSBB)000089148DSV01</subfield></datafield><datafield ind1=" " ind2=" " tag="900"><subfield code="a">IDSZ2zbzmon200703e</subfield><subfield code="c">IDSZ2grim</subfield></datafield><datafield ind1=" " ind2=" " tag="900"><subfield code="a">REROnoselfmerge</subfield></datafield></record>
</metadata></record>