<record><header><identifier>oai:alma.41SLSP_UGE:991000766009705502</identifier><datestamp>2024-11-16T01:15:44Z</datestamp><setSpec>uge_bcen_RapidILL_BOOK</setSpec><setSpec>uge_aaca_RapidILL_BOOK</setSpec><setSpec>uge_abels_RapidILL_BOOK</setSpec><setSpec>uge_dbu_RapidILL_BOOK</setSpec><setSpec>uge_cmu_RapidILL_BOOK</setSpec><setSpec>uge_mail_RapidILL_BOOK</setSpec><setSpec>uge_abbat_RapidILL_BOOK</setSpec><setSpec>UNIGE_ALL</setSpec><setSpec>uge_aobs_RapidILL_BOOK</setSpec><setSpec>uge_acar_RapidILL_BOOK</setSpec></header><metadata>
<record xmlns="http://www.loc.gov/MARC21/slim" xmlns:xsi="http://www.w3.org/2001/XMLSchema-instance" xsi:schemaLocation="http://www.loc.gov/MARC21/slim http://www.loc.gov/standards/marcxml/schema/MARC21slim.xsd"><leader>07804nam a2201621 c 4500</leader><controlfield tag="001">991000766009705502</controlfield><controlfield tag="005">20241115110321.0</controlfield><controlfield tag="008">201011s1997    sz ||||| |||| 00| ||fre d</controlfield><datafield ind1=" " ind2=" " tag="019"><subfield code="a">Notices analytiques</subfield><subfield code="5">RERO/geubib/11.1998</subfield></datafield><datafield ind1=" " ind2=" " tag="020"><subfield code="a">3909164617</subfield></datafield><datafield ind1="7" ind2=" " tag="024"><subfield code="a">http://catalogue.bnf.fr/ark:/12148/cb375243174</subfield><subfield code="2">uri</subfield></datafield><datafield ind1=" " ind2=" " tag="035"><subfield code="a">(swissbib)213947412-41slsp_network</subfield></datafield><datafield ind1=" " ind2=" " tag="035"><subfield code="a">213947412</subfield><subfield code="9">ExL</subfield></datafield><datafield ind1=" " ind2=" " tag="035"><subfield code="a">(RERO)R215832160-41slsp</subfield></datafield><datafield ind1=" " ind2=" " tag="035"><subfield code="a">(SBT)000071785SBT01</subfield></datafield><datafield ind1=" " ind2=" " tag="035"><subfield code="a">(IDSSG)000166928HSB01</subfield></datafield><datafield ind1=" " ind2=" " tag="035"><subfield code="a">(IDSBB)001395835DSV01</subfield></datafield><datafield ind1=" " ind2=" " tag="035"><subfield code="a">(IDSLU)000122653ILU01</subfield></datafield><datafield ind1=" " ind2=" " tag="035"><subfield code="a">(NEBIS)001770780EBI01</subfield></datafield><datafield ind1=" " ind2=" " tag="035"><subfield code="a">(ABN)000087938ABN01</subfield></datafield><datafield ind1=" " ind2=" " tag="035"><subfield code="a">(EXLNZ-41SLSP_NETWORK)991070605929705501</subfield></datafield><datafield ind1=" " ind2=" " tag="040"><subfield code="a">RERO geulha</subfield><subfield code="d">CH-ZuSLS</subfield></datafield><datafield ind1=" " ind2=" " tag="044"><subfield code="a">sz</subfield><subfield code="c">ch-bl</subfield></datafield><datafield ind1=" " ind2="7" tag="072"><subfield code="a">ur</subfield><subfield code="2">rero</subfield></datafield><datafield ind1=" " ind2="7" tag="072"><subfield code="a">at</subfield><subfield code="2">rero</subfield></datafield><datafield ind1=" " ind2="7" tag="072"><subfield code="a">kh</subfield><subfield code="2">SzZuIDS BS/BE</subfield></datafield><datafield ind1=" " ind2="7" tag="072"><subfield code="a">460</subfield><subfield code="2">IDS LU</subfield></datafield><datafield ind1="1" ind2=" " tag="080"><subfield code="a">904&quot;15/-&quot;(4CH)</subfield></datafield><datafield ind1="0" ind2="4" tag="082"><subfield code="a">720/.9494/51</subfield><subfield code="2">22</subfield></datafield><datafield ind1="1" ind2="4" tag="082"><subfield code="a">711.409 494</subfield><subfield code="2">22</subfield></datafield><datafield ind1="1" ind2="4" tag="082"><subfield code="a">720.949 451</subfield><subfield code="2">22</subfield></datafield><datafield ind1="1" ind2="4" tag="082"><subfield code="a">949.4</subfield></datafield><datafield ind1=" " ind2=" " tag="084"><subfield code="a">LL 76000</subfield><subfield code="2">rvk</subfield></datafield><datafield ind1="0" ind2="0" tag="245"><subfield code="a">&lt;&lt;La&gt;&gt; Genève sur l'eau</subfield><subfield code="c">ouvr. dir. par Philippe Broillet ; publ. par la Société d'histoire de l'art en Suisse, Berne</subfield></datafield><datafield ind1=" " ind2="1" tag="264"><subfield code="a">Bâle</subfield><subfield code="b">Wiese</subfield><subfield code="c">1997</subfield></datafield><datafield ind1=" " ind2=" " tag="300"><subfield code="a">XII, 455 p., 3 pl. dépl. h.t.</subfield><subfield code="b">ill. en noir et en coul.</subfield><subfield code="c">26 cm</subfield></datafield><datafield ind1=" " ind2=" " tag="336"><subfield code="b">txt</subfield><subfield code="2">rdacontent</subfield></datafield><datafield ind1=" " ind2=" " tag="337"><subfield code="b">n</subfield><subfield code="2">rdamedia</subfield></datafield><datafield ind1=" " ind2=" " tag="338"><subfield code="b">nc</subfield><subfield code="2">rdacarrier</subfield></datafield><datafield ind1="1" ind2=" " tag="490"><subfield code="a">Les monuments d'art et d'histoire de la Suisse</subfield><subfield code="v">vol. 89</subfield></datafield><datafield ind1="1" ind2=" " tag="490"><subfield code="a">Les monuments d'art et d'histoire du canton de Genève</subfield><subfield code="v">t. 1</subfield></datafield><datafield ind1=" " ind2=" " tag="500"><subfield code="a">Rédigé par Philippe Broillet, Isabelle Brunier, Matthieu de La Corbière, Leïla el-Wakil, Bénédict Frommel, Alain Mélo, Anastazja Winiger-Labuda ; avec des contributions de Charles Bonnet, Pierre Corboud, Walter Wildi</subfield></datafield><datafield ind1="4" ind2=" " tag="510"><subfield code="a">Revue suisse d'art et d'archéologie. - Zurich. - Bd. 55(1998), H. 1, p. 92-94 (Paul Bissegger)</subfield></datafield><datafield ind1="8" ind2=" " tag="520"><subfield code="a">L'introduction, le sommaire et un index établi par Salomon Rizzo peuvent être consultés à l'adresse suivante: http://www.ge.ch/patrimoine/imahge/inc/pub/img-pub/Genevesureau-suite.pdf</subfield><subfield code="5">RERO/gecaeg/10.2007</subfield></datafield><datafield ind1=" " ind2="7" tag="648"><subfield code="a">Geschichte</subfield><subfield code="2">idszbz</subfield></datafield><datafield ind1=" " ind2="7" tag="650"><subfield code="a">Kunst und Kultur</subfield><subfield code="9">ger</subfield><subfield code="0">(RERO)jurivoc000013742ger</subfield><subfield code="2">jurivoc</subfield></datafield><datafield ind1=" " ind2="7" tag="650"><subfield code="a">Kunstgeschichte</subfield><subfield code="9">ger</subfield><subfield code="0">(RERO)jurivoc000013753ger</subfield><subfield code="2">jurivoc</subfield></datafield><datafield ind1=" " ind2="7" tag="650"><subfield code="a">Denkmal</subfield><subfield code="9">ger</subfield><subfield code="0">(RERO)jurivoc000005440ger</subfield><subfield code="2">jurivoc</subfield></datafield><datafield ind1=" " ind2="7" tag="650"><subfield code="a">Urbanisme</subfield><subfield code="0">(IDREF)027254925</subfield><subfield code="2">idref</subfield></datafield><datafield ind1=" " ind2="7" tag="650"><subfield code="a">50000 av. J.-C.-20e siècle</subfield><subfield code="0">(RERO)A026984177</subfield><subfield code="2">rero</subfield></datafield><datafield ind1=" " ind2="7" tag="650"><subfield code="a">Monuments historiques</subfield><subfield code="0">(IDREF)027239829</subfield><subfield code="2">idref</subfield></datafield><datafield ind1=" " ind2="7" tag="650"><subfield code="a">Origines</subfield><subfield code="0">(IDREF)027790398</subfield><subfield code="2">idref</subfield></datafield><datafield ind1=" " ind2="7" tag="650"><subfield code="a">Kunstwerk</subfield><subfield code="0">(DE-588)4123592-7</subfield><subfield code="2">gnd</subfield></datafield><datafield ind1=" " ind2="7" tag="650"><subfield code="a">Kunst</subfield><subfield code="0">(DE-588)4114333-4</subfield><subfield code="2">gnd</subfield></datafield><datafield ind1=" " ind2="7" tag="650"><subfield code="a">Denkmal</subfield><subfield code="0">(DE-588)4011453-3</subfield><subfield code="2">gnd</subfield></datafield><datafield ind1=" " ind2="7" tag="650"><subfield code="a">Architektur</subfield><subfield code="0">(DE-588)4002851-3</subfield><subfield code="2">gnd</subfield></datafield><datafield ind1=" " ind2="7" tag="650"><subfield code="a">Baudenkmal</subfield><subfield code="0">(DE-588)4004973-5</subfield><subfield code="2">gnd</subfield></datafield><datafield ind1=" " ind2="7" tag="650"><subfield code="a">Kulturdenkmal</subfield><subfield code="0">(DE-588)4165967-3</subfield><subfield code="2">gnd</subfield></datafield><datafield ind1=" " ind2="7" tag="650"><subfield code="a">Architektur</subfield><subfield code="2">idszbz</subfield></datafield><datafield ind1=" " ind2="0" tag="650"><subfield code="a">Architecture</subfield><subfield code="z">Switzerland</subfield><subfield code="z">Geneva</subfield></datafield><datafield ind1=" " ind2="0" tag="650"><subfield code="a">Architecture</subfield><subfield code="z">Switzerland</subfield><subfield code="z">Geneva (Canton)</subfield></datafield><datafield ind1=" " ind2="0" tag="650"><subfield code="a">Historic buildings</subfield><subfield code="z">Switzerland</subfield><subfield code="z">Geneva</subfield></datafield><datafield ind1=" " ind2="0" tag="650"><subfield code="a">Water and architecture</subfield><subfield code="z">Switzerland</subfield><subfield code="z">Geneva (Canton)</subfield></datafield><datafield ind1=" " ind2="7" tag="650"><subfield code="a">BAUDENKMÄLER (DENKMALPFLEGE)</subfield><subfield code="9">ger</subfield><subfield code="0">(ETHUDK)000035626</subfield><subfield code="2">ethudk</subfield></datafield><datafield ind1=" " ind2="7" tag="650"><subfield code="a">GENF, STADT (KANTON GENF)</subfield><subfield code="9">ger</subfield><subfield code="0">(ETHUDK)000005768</subfield><subfield code="2">ethudk</subfield></datafield><datafield ind1=" " ind2="7" tag="650"><subfield code="a">HISTORISCHE GEOGRAFIE + HISTORISCHE LANDESKUNDE</subfield><subfield code="9">ger</subfield><subfield code="0">(ETHUDK)000036628</subfield><subfield code="2">ethudk</subfield></datafield><datafield ind1=" " ind2="7" tag="650"><subfield code="a">KANTON GENF (SCHWEIZ)</subfield><subfield code="9">ger</subfield><subfield code="0">(ETHUDK)000005763</subfield><subfield code="2">ethudk</subfield></datafield><datafield ind1=" " ind2="7" tag="650"><subfield code="a">STADTGESCHICHTE</subfield><subfield code="9">ger</subfield><subfield code="0">(ETHUDK)000036650</subfield><subfield code="2">ethudk</subfield></datafield><datafield ind1=" " ind2="7" tag="650"><subfield code="a">STADTPLANUNGSGESCHICHTE + STÄDTEBAUGESCHICHTE (GEBAUTE UMWELT)</subfield><subfield code="9">ger</subfield><subfield code="0">(ETHUDK)000039332</subfield><subfield code="2">ethudk</subfield></datafield><datafield ind1=" " ind2="7" tag="650"><subfield code="a">Monumenti</subfield><subfield code="z">Ginevra</subfield><subfield code="2">sbt12</subfield></datafield><datafield ind1=" " ind2="7" tag="651"><subfield code="a">Schweiz</subfield><subfield code="9">ger</subfield><subfield code="0">(RERO)jurivoc000019912ger</subfield><subfield code="2">jurivoc</subfield></datafield><datafield ind1=" " ind2="7" tag="651"><subfield code="a">Genf(Kanton)</subfield><subfield code="9">ger</subfield><subfield code="0">(RERO)jurivoc000009538ger</subfield><subfield code="2">jurivoc</subfield></datafield><datafield ind1=" " ind2="7" tag="651"><subfield code="a">Genève (Genève, Suisse)</subfield><subfield code="0">(IDREF)02726453X</subfield><subfield code="2">idref</subfield></datafield><datafield ind1=" " ind2="7" tag="651"><subfield code="a">Genf</subfield><subfield code="z">Region</subfield><subfield code="0">(DE-588)4020139-9</subfield><subfield code="2">gnd</subfield></datafield><datafield ind1=" " ind2="7" tag="651"><subfield code="a">Genf</subfield><subfield code="2">idszbz</subfield></datafield><datafield ind1=" " ind2="7" tag="651"><subfield code="a">Schweiz</subfield><subfield code="2">idszbz</subfield></datafield><datafield ind1=" " ind2="7" tag="651"><subfield code="a">Genf</subfield><subfield code="0">(DE-588)4020137-5</subfield><subfield code="2">gnd</subfield></datafield><datafield ind1=" " ind2="7" tag="651"><subfield code="a">Schweiz</subfield><subfield code="0">(DE-588)4053881-3</subfield><subfield code="2">gnd</subfield></datafield><datafield ind1=" " ind2="7" tag="651"><subfield code="a">Kanton Genf</subfield><subfield code="0">(DE-588)4020138-7</subfield><subfield code="2">gnd</subfield></datafield><datafield ind1=" " ind2="0" tag="651"><subfield code="a">Geneva (Switzerland : Canton)</subfield><subfield code="x">History</subfield></datafield><datafield ind1=" " ind2="0" tag="651"><subfield code="a">Genève</subfield></datafield><datafield ind1=" " ind2="7" tag="655"><subfield code="a">Verzeichnis</subfield><subfield code="2">gnd-content</subfield></datafield><datafield ind1=" " ind2="7" tag="655"><subfield code="a">Handbuch</subfield><subfield code="2">idszbz</subfield></datafield><datafield ind1=" " ind2="7" tag="655"><subfield code="a">Inventar</subfield><subfield code="2">gnd-content</subfield></datafield><datafield ind1=" " ind2=" " tag="690"><subfield code="a">Genf</subfield><subfield code="2">ubs-A5</subfield></datafield><datafield ind1=" " ind2=" " tag="690"><subfield code="a">Genfersee</subfield><subfield code="2">ubs-A5</subfield></datafield><datafield ind1=" " ind2=" " tag="690"><subfield code="a">Kunstdenkmäler. Schweiz: Genf-Kt., B: Uferzonen. Handbuch</subfield><subfield code="2">rzs-L1</subfield></datafield><datafield ind1=" " ind2=" " tag="690"><subfield code="a">Genf-St., B: Kunstdenkmäler: Uferzonen. Handbuch</subfield><subfield code="2">rzs-L1</subfield></datafield><datafield ind1=" " ind2=" " tag="690"><subfield code="a">Genf-Kt., B: Kunstdenkmäler: Uferzonen. Handbuch</subfield><subfield code="2">rzs-L1</subfield></datafield><datafield ind1=" " ind2=" " tag="690"><subfield code="a">Genf Stadt, Kunstdenkmäler, Genéve sur l'eau</subfield><subfield code="2">rzs-KK</subfield></datafield><datafield ind1=" " ind2=" " tag="690"><subfield code="a">Genève</subfield><subfield code="x">Architektur</subfield><subfield code="2">nebis-E4</subfield></datafield><datafield ind1=" " ind2=" " tag="690"><subfield code="a">Städtebau</subfield><subfield code="2">nebis-E4</subfield></datafield><datafield ind1=" " ind2=" " tag="690"><subfield code="a">Genève</subfield><subfield code="x">Kunsttopographie</subfield><subfield code="2">nebis-E4</subfield></datafield><datafield ind1=" " ind2=" " tag="690"><subfield code="a">Genf. Inventar</subfield><subfield code="2">uzb-US</subfield></datafield><datafield ind1=" " ind2=" " tag="690"><subfield code="a">Genf. Städtebau</subfield><subfield code="2">uzb-US</subfield></datafield><datafield ind1=" " ind2=" " tag="690"><subfield code="a">Genf. Architektur. 19. Jahrhundert</subfield><subfield code="2">uzb-US</subfield></datafield><datafield ind1=" " ind2=" " tag="690"><subfield code="a">Genf. Architektur. 18. Jahrhundert</subfield><subfield code="2">uzb-US</subfield></datafield><datafield ind1=" " ind2=" " tag="690"><subfield code="a">Genf. Quaianlagen</subfield><subfield code="2">uzb-US</subfield></datafield><datafield ind1=" " ind2=" " tag="690"><subfield code="a">Genf. Befestigung</subfield><subfield code="2">uzb-US</subfield></datafield><datafield ind1=" " ind2=" " tag="690"><subfield code="a">Genf. Brücken</subfield><subfield code="2">uzb-US</subfield></datafield><datafield ind1=" " ind2=" " tag="690"><subfield code="a">Schiff. Schifffahrt</subfield><subfield code="2">uzb-US</subfield></datafield><datafield ind1=" " ind2=" " tag="690"><subfield code="a">Bäderarchitektur</subfield><subfield code="2">uzb-US</subfield></datafield><datafield ind1=" " ind2=" " tag="690"><subfield code="a">Genf (Stadt) : Architektur : Geschichte : Inventar</subfield><subfield code="2">uzb-UL</subfield></datafield><datafield ind1=" " ind2=" " tag="690"><subfield code="a">Genf (Stadt) : Kunstdenkmal : Geschichte : Inventar</subfield><subfield code="2">uzb-UL</subfield></datafield><datafield ind1=" " ind2=" " tag="690"><subfield code="a">Genf (Stadt)</subfield><subfield code="2">rzh-UA</subfield></datafield><datafield ind1=" " ind2=" " tag="691"><subfield code="e">700(494)</subfield><subfield code="2">usi-TM</subfield></datafield><datafield ind1="1" ind2=" " tag="700"><subfield code="a">Viaccoz-De Noyers, Anne-Marie</subfield></datafield><datafield ind1="1" ind2=" " tag="700"><subfield code="6">880-02</subfield><subfield code="a">Brunier, Isabelle</subfield><subfield code="0">(IDREF)256919550</subfield><subfield code="4">edt</subfield></datafield><datafield ind1="1" ind2=" " tag="880"><subfield code="6">700-02</subfield><subfield code="a">Brunier, Isabelle</subfield><subfield code="0">(SBT11)000001183</subfield></datafield><datafield ind1="1" ind2=" " tag="700"><subfield code="a">Corboud, Pierre</subfield><subfield code="d">1951-....</subfield><subfield code="0">(IDREF)139974911</subfield><subfield code="4">edt</subfield></datafield><datafield ind1="1" ind2=" " tag="700"><subfield code="6">880-04</subfield><subfield code="a">Wakil, Leïla el-</subfield><subfield code="0">(IDREF)029535069</subfield><subfield code="4">edt</subfield></datafield><datafield ind1="1" ind2=" " tag="880"><subfield code="6">700-04</subfield><subfield code="a">Wakil, Leïla el</subfield><subfield code="0">(SBT11)000008375</subfield></datafield><datafield ind1="1" ind2=" " tag="700"><subfield code="a">Frommel, Bénédict</subfield><subfield code="0">(IDREF)035161612</subfield><subfield code="4">edt</subfield></datafield><datafield ind1="1" ind2=" " tag="700"><subfield code="a">La Corbière, Matthieu de</subfield><subfield code="d">1969-</subfield><subfield code="0">(RERO)A003485512</subfield><subfield code="4">edt</subfield></datafield><datafield ind1="1" ind2=" " tag="700"><subfield code="a">Mélo, Alain</subfield><subfield code="0">(RERO)A003625728</subfield><subfield code="4">edt</subfield></datafield><datafield ind1="1" ind2=" " tag="700"><subfield code="a">Wildi, Walter</subfield><subfield code="d">1948-....</subfield><subfield code="0">(IDREF)168558955</subfield><subfield code="4">edt</subfield></datafield><datafield ind1="1" ind2=" " tag="700"><subfield code="6">880-09</subfield><subfield code="a">Winiger-Labuda, Anastazja</subfield><subfield code="d">1953-....</subfield><subfield code="0">(IDREF)060112980</subfield><subfield code="4">edt</subfield></datafield><datafield ind1="1" ind2=" " tag="880"><subfield code="6">700-09</subfield><subfield code="a">Winiger-Labuda, Anastazja</subfield><subfield code="0">(SBT11)000008437</subfield></datafield><datafield ind1="1" ind2=" " tag="700"><subfield code="6">880-10</subfield><subfield code="a">Bonnet, Charles</subfield><subfield code="c">archéologue</subfield><subfield code="d">1933-....</subfield><subfield code="0">(IDREF)027948471</subfield><subfield code="4">edt</subfield></datafield><datafield ind1="1" ind2=" " tag="880"><subfield code="6">700-10</subfield><subfield code="a">Bonnet, Charles</subfield><subfield code="d">1933-</subfield><subfield code="0">(DE-588)120235013</subfield></datafield><datafield ind1="1" ind2=" " tag="700"><subfield code="6">880-11</subfield><subfield code="a">Broillet, Philippe</subfield><subfield code="0">(DE-588)170892727</subfield><subfield code="4">edt</subfield></datafield><datafield ind1="1" ind2=" " tag="880"><subfield code="6">700-11</subfield><subfield code="a">Broillet, Philippe</subfield><subfield code="0">(IDREF)033208980</subfield><subfield code="4">edt</subfield></datafield><datafield ind1="2" ind2=" " tag="710"><subfield code="a">Società di storia dell'arte in Svizzera</subfield><subfield code="0">(SBT11)000006904</subfield></datafield><datafield ind1="2" ind2=" " tag="710"><subfield code="a">Gesellschaft für Schweizerische Kunstgeschichte</subfield><subfield code="0">(DE-588)2012417-X</subfield><subfield code="4">isb</subfield></datafield><datafield ind1="2" ind2=" " tag="710"><subfield code="a">Société d'histoire de l'art en Suisse</subfield><subfield code="4">edt</subfield><subfield code="0">(RERO)A000152009</subfield></datafield><datafield ind1=" " ind2="0" tag="830"><subfield code="a">&lt;&lt;Les&gt;&gt; monuments d'art et d'histoire du canton de Genève</subfield><subfield code="v">1</subfield><subfield code="w">(IDSLU)000122657ILU01</subfield></datafield><datafield ind1=" " ind2="0" tag="830"><subfield code="a">&lt;&lt;Les&gt;&gt; monuments d'art et d'histoire du canton de Genève</subfield><subfield code="v">1</subfield><subfield code="w">(SBT)000072225SBT01</subfield></datafield><datafield ind1=" " ind2="0" tag="830"><subfield code="a">&lt;&lt;Les&gt;&gt; monuments d'art et d'histoire du canton de Genève</subfield><subfield code="v">1</subfield><subfield code="w">(RERO)R215842360-41slsp</subfield></datafield><datafield ind1=" " ind2="0" tag="830"><subfield code="a">&lt;&lt;Die&gt;&gt; Kunstdenkmäler der Schweiz</subfield><subfield code="v">89</subfield><subfield code="w">(IDSLU)000163215ILU01</subfield></datafield><datafield ind1=" " ind2="0" tag="830"><subfield code="a">&lt;&lt;Die&gt;&gt; Kunstdenkmäler der Schweiz</subfield><subfield code="v">89</subfield><subfield code="w">(IDSSG)000109085HSB01</subfield></datafield><datafield ind1=" " ind2="0" tag="830"><subfield code="a">&lt;&lt;Die&gt;&gt; Kunstdenkmäler der Schweiz</subfield><subfield code="v">89</subfield><subfield code="w">(RERO)0009488-41slsp</subfield></datafield><datafield ind1=" " ind2="0" tag="830"><subfield code="a">&lt;&lt;Die&gt;&gt; Kunstdenkmäler der Schweiz</subfield><subfield code="v">89</subfield><subfield code="w">(SBT)000000119SBT01</subfield></datafield><datafield ind1=" " ind2=" " tag="856"><subfield code="u">http://www.reticulum-artis.ch/de/wissen/kdsregister/89.html</subfield><subfield code="z">Online via World Wide Web (Register)</subfield><subfield code="3">Volltext</subfield></datafield><datafield ind1="4" ind2=" " tag="856"><subfield code="3">Inhaltsverzeichnis</subfield><subfield code="u">http://www.ub.unibas.ch/tox/IDSLUZ/000122653/PDF</subfield><subfield code="q">pdf</subfield></datafield><datafield ind1=" " ind2=" " tag="900"><subfield code="b">IDST9PZpina</subfield></datafield><datafield ind1=" " ind2=" " tag="900"><subfield code="a">IDSE5E61ANH-2013</subfield></datafield><datafield ind1=" " ind2=" " tag="900"><subfield code="f">IDSU2medea</subfield></datafield><datafield ind1=" " ind2=" " tag="949"><subfield code="a">http://www.ub.unibas.ch/tox/IDSLUZ/000122653/PDF</subfield></datafield><datafield ind1=" " ind2=" " tag="949"><subfield code="a">http://www.reticulum-artis.ch/de/wissen/kdsregister/89.html</subfield></datafield><datafield ind1=" " ind2=" " tag="993"><subfield code="a">BFLB 35410/1</subfield><subfield code="x">ge/ulha/d/97/</subfield><subfield code="9">LOCAL</subfield></datafield></record>
</metadata></record>