<record><header><identifier>oai:alma.41SLSP_UGE:991000766539705502</identifier><datestamp>2023-03-01T01:09:46Z</datestamp><setSpec>uge_bcen_RapidILL_BOOK</setSpec><setSpec>uge_aaca_RapidILL_BOOK</setSpec><setSpec>uge_abels_RapidILL_BOOK</setSpec><setSpec>uge_dbu_RapidILL_BOOK</setSpec><setSpec>uge_cmu_RapidILL_BOOK</setSpec><setSpec>uge_mail_RapidILL_BOOK</setSpec><setSpec>UNIGE_ALL</setSpec><setSpec>uge_abbat_RapidILL_BOOK</setSpec><setSpec>uge_acar_RapidILL_BOOK</setSpec><setSpec>uge_aobs_RapidILL_BOOK</setSpec></header><metadata>
<record xmlns="http://www.loc.gov/MARC21/slim" xmlns:xsi="http://www.w3.org/2001/XMLSchema-instance" xsi:schemaLocation="http://www.loc.gov/MARC21/slim http://www.loc.gov/standards/marcxml/schema/MARC21slim.xsd"><leader>01193nam a2200325 c 4500</leader><controlfield tag="001">991000766539705502</controlfield><controlfield tag="005">20230208195410.0</controlfield><controlfield tag="008">001115s1999    it ||||| |||| 00| ||lat d</controlfield><datafield ind1=" " ind2=" " tag="020"><subfield code="a">8885669948</subfield></datafield><datafield ind1=" " ind2=" " tag="035"><subfield code="a">(swissbib)094926891-41slsp_network</subfield></datafield><datafield ind1=" " ind2=" " tag="035"><subfield code="a">094926891</subfield><subfield code="9">ExL</subfield></datafield><datafield ind1=" " ind2=" " tag="035"><subfield code="a">(RERO)R258196160-41slsp</subfield></datafield><datafield ind1=" " ind2=" " tag="035"><subfield code="a">(EXLNZ-41SLSP_NETWORK)991101006839705501</subfield></datafield><datafield ind1=" " ind2=" " tag="040"><subfield code="a">RERO gevbpu</subfield><subfield code="d">CH-ZuSLS</subfield></datafield><datafield ind1="0" ind2=" " tag="041"><subfield code="a">ita</subfield><subfield code="a">lat</subfield></datafield><datafield ind1=" " ind2="7" tag="072"><subfield code="a">ht</subfield><subfield code="2">rero</subfield></datafield><datafield ind1="0" ind2="0" tag="245"><subfield code="a">&lt;&lt;Il&gt;&gt; processo Avogari (Treviso, 1314-1315)</subfield><subfield code="c">a cura di Giampaolo Cagnin ; con un saggio introduttivo di Diego Quaglioni ; Giunta regionale del Veneto</subfield></datafield><datafield ind1=" " ind2="1" tag="264"><subfield code="a">Roma</subfield><subfield code="b">Viella</subfield><subfield code="c">1999</subfield></datafield><datafield ind1=" " ind2=" " tag="300"><subfield code="a">CXV, 712 p.</subfield><subfield code="c">25 cm</subfield></datafield><datafield ind1=" " ind2=" " tag="336"><subfield code="b">txt</subfield><subfield code="2">rdacontent</subfield></datafield><datafield ind1=" " ind2=" " tag="337"><subfield code="b">n</subfield><subfield code="2">rdamedia</subfield></datafield><datafield ind1=" " ind2=" " tag="338"><subfield code="b">nc</subfield><subfield code="2">rdacarrier</subfield></datafield><datafield ind1="1" ind2=" " tag="490"><subfield code="a">Fonti per la storia della terraferma veneta</subfield><subfield code="v">14</subfield></datafield><datafield ind1=" " ind2="7" tag="650"><subfield code="a">Procès</subfield><subfield code="0">(IDREF)027776298</subfield><subfield code="2">idref</subfield></datafield><datafield ind1=" " ind2="7" tag="650"><subfield code="a">1314-1315</subfield><subfield code="2">rero</subfield></datafield><datafield ind1=" " ind2="7" tag="651"><subfield code="a">Trévise (Italie)</subfield><subfield code="0">(RERO)A010160309</subfield><subfield code="2">rero</subfield></datafield><datafield ind1=" " ind2="7" tag="655"><subfield code="a">[document]</subfield><subfield code="2">rerovoc</subfield><subfield code="0">(RERO)A010182398</subfield></datafield><datafield ind1="1" ind2=" " tag="700"><subfield code="a">Cagnin, Giampaolo</subfield><subfield code="0">(IDREF)066941849</subfield></datafield><datafield ind1="1" ind2=" " tag="710"><subfield code="a">Vénétie</subfield><subfield code="b">Giunta regionale</subfield><subfield code="0">(IDREF)06709743X</subfield></datafield><datafield ind1=" " ind2="0" tag="830"><subfield code="a">Fonti per la storia della Terraferma veneta</subfield><subfield code="v">14</subfield><subfield code="w">(RERO)1139246-41slsp</subfield></datafield><datafield ind1=" " ind2=" " tag="900"><subfield code="a">REROnoselfmerge</subfield></datafield></record>
</metadata></record>