<record><header><identifier>oai:alma.41SLSP_UGE:991000766099705502</identifier><datestamp>2023-04-11T00:12:48Z</datestamp><setSpec>uge_bcen_RapidILL_BOOK</setSpec><setSpec>uge_aaca_RapidILL_BOOK</setSpec><setSpec>uge_abels_RapidILL_BOOK</setSpec><setSpec>uge_dbu_RapidILL_BOOK</setSpec><setSpec>uge_cmu_RapidILL_BOOK</setSpec><setSpec>uge_mail_RapidILL_BOOK</setSpec><setSpec>uge_abbat_RapidILL_BOOK</setSpec><setSpec>UNIGE_ALL</setSpec><setSpec>uge_acar_RapidILL_BOOK</setSpec><setSpec>uge_aobs_RapidILL_BOOK</setSpec></header><metadata>
<record xmlns="http://www.loc.gov/MARC21/slim" xmlns:xsi="http://www.w3.org/2001/XMLSchema-instance" xsi:schemaLocation="http://www.loc.gov/MARC21/slim http://www.loc.gov/standards/marcxml/schema/MARC21slim.xsd"><leader>01553nam a2200397 c 4500</leader><controlfield tag="001">991000766099705502</controlfield><controlfield tag="005">20230410183029.0</controlfield><controlfield tag="008">140305s2013    it ||||| |||| 00| ||ita d</controlfield><datafield ind1=" " ind2=" " tag="020"><subfield code="a">9788849838435</subfield></datafield><datafield ind1=" " ind2=" " tag="035"><subfield code="a">(swissbib)119287803-41slsp_network</subfield></datafield><datafield ind1=" " ind2=" " tag="035"><subfield code="a">119287803</subfield><subfield code="9">ExL</subfield></datafield><datafield ind1=" " ind2=" " tag="035"><subfield code="a">(RERO)R007665020-41slsp</subfield></datafield><datafield ind1=" " ind2=" " tag="035"><subfield code="a">(EXLNZ-41SLSP_NETWORK)991107925469705501</subfield></datafield><datafield ind1=" " ind2=" " tag="040"><subfield code="a">RERO geulhg</subfield><subfield code="d">CH-ZuSLS</subfield></datafield><datafield ind1=" " ind2="7" tag="072"><subfield code="a">ht</subfield><subfield code="2">rero</subfield></datafield><datafield ind1=" " ind2="7" tag="072"><subfield code="a">ss</subfield><subfield code="2">rero</subfield></datafield><datafield ind1="1" ind2=" " tag="100"><subfield code="a">Carbone, Flavio</subfield><subfield code="0">(IDREF)182433579</subfield><subfield code="4">cre</subfield></datafield><datafield ind1="1" ind2="0" tag="245"><subfield code="a">&lt;&lt;Gli&gt;&gt; ufficiali dei Carabinieri Reali tra reclutamento e formazione (1883-1926)</subfield><subfield code="c">Flavio Carbone ; [prefazione Giorgio Rochat]</subfield></datafield><datafield ind1=" " ind2="1" tag="264"><subfield code="a">Soveria Mannelli</subfield><subfield code="b">Rubbettino</subfield><subfield code="c">2013</subfield></datafield><datafield ind1=" " ind2=" " tag="300"><subfield code="a">292 p.</subfield><subfield code="b">tab.</subfield></datafield><datafield ind1=" " ind2=" " tag="336"><subfield code="b">txt</subfield><subfield code="2">rdacontent</subfield></datafield><datafield ind1=" " ind2=" " tag="337"><subfield code="b">n</subfield><subfield code="2">rdamedia</subfield></datafield><datafield ind1=" " ind2=" " tag="338"><subfield code="b">nc</subfield><subfield code="2">rdacarrier</subfield></datafield><datafield ind1="1" ind2=" " tag="490"><subfield code="a">Stato, esercito e controllo del territorio</subfield><subfield code="v">17</subfield></datafield><datafield ind1=" " ind2=" " tag="500"><subfield code="a">Indice dei nomi</subfield></datafield><datafield ind1=" " ind2=" " tag="504"><subfield code="a">Fonti d'archivio e bibliografia: p. 273-281</subfield></datafield><datafield ind1="2" ind2="7" tag="610"><subfield code="a">Italie</subfield><subfield code="b">Gendarmerie</subfield><subfield code="0">(RERO)A010099875</subfield><subfield code="2">rero</subfield></datafield><datafield ind1=" " ind2="7" tag="650"><subfield code="a">Officiers</subfield><subfield code="0">(IDREF)027519481</subfield><subfield code="2">idref</subfield></datafield><datafield ind1=" " ind2="7" tag="650"><subfield code="a">Gendarmes</subfield><subfield code="0">(IDREF)050567853</subfield><subfield code="2">idref</subfield></datafield><datafield ind1=" " ind2="7" tag="650"><subfield code="a">Recrutement et engagement</subfield><subfield code="0">(IDREF)027832244</subfield><subfield code="2">idref</subfield></datafield><datafield ind1=" " ind2="7" tag="650"><subfield code="a">Enseignement militaire</subfield><subfield code="0">(IDREF)027467457</subfield><subfield code="2">idref</subfield></datafield><datafield ind1=" " ind2="7" tag="650"><subfield code="a">Police</subfield><subfield code="0">(IDREF)027245144</subfield><subfield code="2">idref</subfield></datafield><datafield ind1=" " ind2="7" tag="650"><subfield code="a">19e siècle (fin)-20e siècle (début)</subfield><subfield code="0">(RERO)A022505713</subfield><subfield code="2">rero</subfield></datafield><datafield ind1=" " ind2="7" tag="651"><subfield code="a">Italie</subfield><subfield code="0">(IDREF)027235408</subfield><subfield code="2">idref</subfield></datafield><datafield ind1="1" ind2=" " tag="700"><subfield code="a">Rochat, Giorgio</subfield><subfield code="d">1936-....</subfield><subfield code="0">(IDREF)029319862</subfield></datafield><datafield ind1=" " ind2="0" tag="830"><subfield code="a">Stato, esercito e controllo del territorio</subfield><subfield code="v">17</subfield><subfield code="w">(RERO)R003604799-41slsp</subfield></datafield><datafield ind1=" " ind2=" " tag="900"><subfield code="a">REROnoselfmerge</subfield></datafield></record>
</metadata></record>