<record><header><identifier>oai:alma.41SLSP_UGE:991000765689705502</identifier><datestamp>2023-03-01T01:09:46Z</datestamp><setSpec>UNIGE_ALL</setSpec></header><metadata>
<record xmlns="http://www.loc.gov/MARC21/slim" xmlns:xsi="http://www.w3.org/2001/XMLSchema-instance" xsi:schemaLocation="http://www.loc.gov/MARC21/slim http://www.loc.gov/standards/marcxml/schema/MARC21slim.xsd"><leader>01307njm a22003257c 4500</leader><controlfield tag="001">991000765689705502</controlfield><controlfield tag="005">20211111195516.0</controlfield><controlfield tag="007">sd b||||||||||</controlfield><controlfield tag="008">110122s1984    gw ||n |            eng d</controlfield><datafield ind1="0" ind2="2" tag="028"><subfield code="a">Enja Records 3049</subfield></datafield><datafield ind1=" " ind2=" " tag="035"><subfield code="a">(swissbib)113558899-41slsp_network</subfield></datafield><datafield ind1=" " ind2=" " tag="035"><subfield code="a">113558899</subfield><subfield code="9">ExL</subfield></datafield><datafield ind1=" " ind2=" " tag="035"><subfield code="a">(RERO)R006021211-41slsp</subfield></datafield><datafield ind1=" " ind2=" " tag="035"><subfield code="a">(EXLNZ-41SLSP_NETWORK)991040682719705501</subfield></datafield><datafield ind1=" " ind2=" " tag="040"><subfield code="a">RERO geulmu</subfield><subfield code="d">CH-ZuSLS</subfield></datafield><datafield ind1=" " ind2="7" tag="072"><subfield code="a">mu</subfield><subfield code="2">rero</subfield></datafield><datafield ind1="1" ind2=" " tag="100"><subfield code="a">Mingus, Charles</subfield><subfield code="d">1922-1979</subfield><subfield code="0">(IDREF)027031136</subfield><subfield code="4">cre</subfield></datafield><datafield ind1="1" ind2="0" tag="245"><subfield code="a">Mingus in Europe</subfield><subfield code="b">vol. 1</subfield><subfield code="c">Charles Mingus Quintet featuring Eric Dolphy</subfield></datafield><datafield ind1=" " ind2="1" tag="264"><subfield code="a">Munich</subfield><subfield code="b">Enja Records</subfield><subfield code="c">1984</subfield></datafield><datafield ind1=" " ind2=" " tag="300"><subfield code="a">1 disque sonore</subfield><subfield code="b">33 t, stéréo</subfield></datafield><datafield ind1=" " ind2=" " tag="336"><subfield code="b">prm</subfield><subfield code="2">rdacontent</subfield></datafield><datafield ind1=" " ind2=" " tag="337"><subfield code="b">s</subfield><subfield code="2">rdamedia</subfield></datafield><datafield ind1=" " ind2=" " tag="338"><subfield code="b">sd</subfield><subfield code="2">rdacarrier</subfield></datafield><datafield ind1=" " ind2=" " tag="500"><subfield code="a">Enregistrement: Wuppertal Townhall (Germany) : 26.04.1964</subfield></datafield><datafield ind1=" " ind2=" " tag="500"><subfield code="a">Formation: flûte prenant clarinette basse prenant saxophone alto ; saxophone ténor, piano, contrebasse, batterie ; flûte prenant clarinette basse prenant saxophone alto, contrebasse</subfield></datafield><datafield ind1="0" ind2=" " tag="505"><subfield code="a">Mingus, Charles : [Fables of Faubus] ; Dolphy, Eric : [Starting]</subfield></datafield><datafield ind1="1" ind2=" " tag="700"><subfield code="a">Byard, Jaki</subfield><subfield code="d">1922-1999</subfield><subfield code="0">(IDREF)079490034</subfield></datafield><datafield ind1="1" ind2=" " tag="700"><subfield code="a">Dolphy, Eric</subfield><subfield code="0">(RERO)A003185191</subfield></datafield><datafield ind1="1" ind2=" " tag="700"><subfield code="a">Jordan, Clifford</subfield><subfield code="0">(RERO)A003430651</subfield></datafield><datafield ind1="1" ind2=" " tag="700"><subfield code="a">Richmond, Dannie</subfield><subfield code="d">1935-1988</subfield><subfield code="0">(IDREF)155677519</subfield></datafield><datafield ind1=" " ind2=" " tag="900"><subfield code="a">REROnoselfmerge</subfield></datafield></record>
</metadata></record>