<record><header><identifier>oai:alma.41SLSP_UGE:991000766039705502</identifier><datestamp>2023-03-01T01:09:46Z</datestamp><setSpec>uge_bcen_RapidILL_BOOK</setSpec><setSpec>uge_aaca_RapidILL_BOOK</setSpec><setSpec>uge_abels_RapidILL_BOOK</setSpec><setSpec>uge_dbu_RapidILL_BOOK</setSpec><setSpec>uge_cmu_RapidILL_BOOK</setSpec><setSpec>uge_mail_RapidILL_BOOK</setSpec><setSpec>UNIGE_ALL</setSpec><setSpec>uge_abbat_RapidILL_BOOK</setSpec><setSpec>uge_aobs_RapidILL_BOOK</setSpec><setSpec>uge_acar_RapidILL_BOOK</setSpec></header><metadata>
<record xmlns="http://www.loc.gov/MARC21/slim" xmlns:xsi="http://www.w3.org/2001/XMLSchema-instance" xsi:schemaLocation="http://www.loc.gov/MARC21/slim http://www.loc.gov/standards/marcxml/schema/MARC21slim.xsd"><leader>00990nam a2200265 c 4500</leader><controlfield tag="001">991000766039705502</controlfield><controlfield tag="005">20201222234553.0</controlfield><controlfield tag="008">130403s2012    sz ||||| m||| 00| ||fre d</controlfield><datafield ind1=" " ind2=" " tag="035"><subfield code="a">(swissbib)117187852-41slsp_network</subfield></datafield><datafield ind1=" " ind2=" " tag="035"><subfield code="a">117187852</subfield><subfield code="9">ExL</subfield></datafield><datafield ind1=" " ind2=" " tag="035"><subfield code="a">(RERO)R007270059-41slsp</subfield></datafield><datafield ind1=" " ind2=" " tag="035"><subfield code="a">(EXLNZ-41SLSP_NETWORK)991137287549705501</subfield></datafield><datafield ind1=" " ind2=" " tag="040"><subfield code="a">RERO geusst</subfield><subfield code="d">CH-ZuSLS</subfield></datafield><datafield ind1=" " ind2=" " tag="044"><subfield code="a">sz</subfield><subfield code="c">ch-ge</subfield><subfield code="a">sz</subfield><subfield code="c">ch-vd</subfield></datafield><datafield ind1=" " ind2="7" tag="072"><subfield code="a">st</subfield><subfield code="2">rero</subfield></datafield><datafield ind1="1" ind2=" " tag="100"><subfield code="a">Horngacher, Nils</subfield><subfield code="0">(RERO)A023251524</subfield><subfield code="4">cre</subfield></datafield><datafield ind1="1" ind2="0" tag="245"><subfield code="a">Utilisation de méthodes géophysiques pour la caractérisation de zones fracturées dans l'aquifère géothermal de Combioula</subfield><subfield code="b">Valais (Suisse)</subfield><subfield code="c">par Nils Horngacher</subfield></datafield><datafield ind1=" " ind2="1" tag="264"><subfield code="a">Genève</subfield><subfield code="a">Lausanne</subfield><subfield code="b">Elste</subfield><subfield code="c">2012</subfield></datafield><datafield ind1=" " ind2=" " tag="300"><subfield code="a">116 p.</subfield><subfield code="b">ill.</subfield><subfield code="e">1 CD-ROM</subfield></datafield><datafield ind1=" " ind2=" " tag="336"><subfield code="b">txt</subfield><subfield code="2">rdacontent</subfield></datafield><datafield ind1=" " ind2=" " tag="337"><subfield code="b">n</subfield><subfield code="2">rdamedia</subfield></datafield><datafield ind1=" " ind2=" " tag="338"><subfield code="b">nc</subfield><subfield code="2">rdacarrier</subfield></datafield><datafield ind1=" " ind2=" " tag="502"><subfield code="a">Master en géologie, Univ. Genève et Univ. Lausanne, 2012</subfield></datafield><datafield ind1=" " ind2=" " tag="504"><subfield code="a">Bibliogr.: p. 101-103</subfield></datafield><datafield ind1=" " ind2=" " tag="508"><subfield code="a">Sous la dir. de: Prof. Niklas Linde et Klaus Holliger</subfield></datafield><datafield ind1=" " ind2=" " tag="900"><subfield code="a">REROnoselfmerge</subfield></datafield></record>
</metadata></record>