<record><header><identifier>oai:alma.41SLSP_UGE:991000765729705502</identifier><datestamp>2023-06-30T00:20:58Z</datestamp><setSpec>uge_bcen_RapidILL_BOOK</setSpec><setSpec>uge_aaca_RapidILL_BOOK</setSpec><setSpec>uge_abels_RapidILL_BOOK</setSpec><setSpec>uge_dbu_RapidILL_BOOK</setSpec><setSpec>uge_cmu_RapidILL_BOOK</setSpec><setSpec>uge_mail_RapidILL_BOOK</setSpec><setSpec>uge_abbat_RapidILL_BOOK</setSpec><setSpec>UNIGE_ALL</setSpec><setSpec>uge_acar_RapidILL_BOOK</setSpec><setSpec>uge_aobs_RapidILL_BOOK</setSpec></header><metadata>
<record xmlns="http://www.loc.gov/MARC21/slim" xmlns:xsi="http://www.w3.org/2001/XMLSchema-instance" xsi:schemaLocation="http://www.loc.gov/MARC21/slim http://www.loc.gov/standards/marcxml/schema/MARC21slim.xsd"><leader>02246nam a2200457 c 4500</leader><controlfield tag="001">991000765729705502</controlfield><controlfield tag="005">20230629195032.0</controlfield><controlfield tag="008">000724s1969    fr ||||| |||| 00| ||fre d</controlfield><datafield ind1="7" ind2=" " tag="024"><subfield code="a">http://catalogue.bnf.fr/ark:/12148/cb35308006k</subfield><subfield code="2">uri</subfield></datafield><datafield ind1=" " ind2=" " tag="035"><subfield code="a">(swissbib)082933146-41slsp_network</subfield></datafield><datafield ind1=" " ind2=" " tag="035"><subfield code="a">082933146</subfield><subfield code="9">ExL</subfield></datafield><datafield ind1=" " ind2=" " tag="035"><subfield code="a">(RERO)1000700-41slsp</subfield></datafield><datafield ind1=" " ind2=" " tag="035"><subfield code="a">(EXLNZ-41SLSP_NETWORK)991050870239705501</subfield></datafield><datafield ind1=" " ind2=" " tag="040"><subfield code="a">RERO neubfd</subfield><subfield code="d">CH-ZuSLS</subfield></datafield><datafield ind1=" " ind2="7" tag="072"><subfield code="a">dr</subfield><subfield code="2">rero</subfield></datafield><datafield ind1=" " ind2=" " tag="084"><subfield code="a">A 91.2 h</subfield><subfield code="2">cjurrom</subfield></datafield><datafield ind1="0" ind2="0" tag="245"><subfield code="a">Statut, sélection et formation du personnel de direction des établissements pénitentiaires</subfield><subfield code="b">troisième rapport du Sous-comité no VI du Comité européen pour les problèmes criminels</subfield><subfield code="c">Conseil de l'Europe</subfield></datafield><datafield ind1=" " ind2="1" tag="264"><subfield code="a">Strasbourg</subfield><subfield code="b">Conseil de l'Europe</subfield><subfield code="c">1969</subfield></datafield><datafield ind1=" " ind2=" " tag="300"><subfield code="a">163 p.</subfield><subfield code="c">23 cm</subfield></datafield><datafield ind1=" " ind2=" " tag="336"><subfield code="b">txt</subfield><subfield code="2">rdacontent</subfield></datafield><datafield ind1=" " ind2=" " tag="337"><subfield code="b">n</subfield><subfield code="2">rdamedia</subfield></datafield><datafield ind1=" " ind2=" " tag="338"><subfield code="b">nc</subfield><subfield code="2">rdacarrier</subfield></datafield><datafield ind1=" " ind2="7" tag="650"><subfield code="a">Strafanstaltspersonal</subfield><subfield code="9">ger</subfield><subfield code="0">(RERO)jurivoc000021632ger</subfield><subfield code="2">jurivoc</subfield></datafield><datafield ind1=" " ind2="7" tag="650"><subfield code="a">Leiter</subfield><subfield code="9">ger</subfield><subfield code="0">(RERO)jurivoc000014214ger</subfield><subfield code="2">jurivoc</subfield></datafield><datafield ind1=" " ind2="7" tag="650"><subfield code="a">Strafanstalt</subfield><subfield code="9">ger</subfield><subfield code="0">(RERO)jurivoc000021630ger</subfield><subfield code="2">jurivoc</subfield></datafield><datafield ind1=" " ind2="7" tag="650"><subfield code="a">Rechtsvergleichung</subfield><subfield code="9">ger</subfield><subfield code="0">(RERO)jurivoc000018481ger</subfield><subfield code="2">jurivoc</subfield></datafield><datafield ind1=" " ind2="7" tag="651"><subfield code="a">Österreich</subfield><subfield code="9">ger</subfield><subfield code="0">(RERO)jurivoc000016714ger</subfield><subfield code="2">jurivoc</subfield></datafield><datafield ind1=" " ind2="7" tag="651"><subfield code="a">Belgien</subfield><subfield code="9">ger</subfield><subfield code="0">(RERO)jurivoc000003183ger</subfield><subfield code="2">jurivoc</subfield></datafield><datafield ind1=" " ind2="7" tag="651"><subfield code="a">Zypern</subfield><subfield code="9">ger</subfield><subfield code="0">(RERO)jurivoc000027571ger</subfield><subfield code="2">jurivoc</subfield></datafield><datafield ind1=" " ind2="7" tag="651"><subfield code="a">Dänemark</subfield><subfield code="9">ger</subfield><subfield code="0">(RERO)jurivoc000005288ger</subfield><subfield code="2">jurivoc</subfield></datafield><datafield ind1=" " ind2="7" tag="651"><subfield code="a">Frankreich</subfield><subfield code="9">ger</subfield><subfield code="0">(RERO)jurivoc000008683ger</subfield><subfield code="2">jurivoc</subfield></datafield><datafield ind1=" " ind2="7" tag="651"><subfield code="a">Deutschland</subfield><subfield code="9">ger</subfield><subfield code="0">(RERO)jurivoc000005510ger</subfield><subfield code="2">jurivoc</subfield></datafield><datafield ind1=" " ind2="7" tag="651"><subfield code="a">Griechenland</subfield><subfield code="9">ger</subfield><subfield code="0">(RERO)jurivoc000010332ger</subfield><subfield code="2">jurivoc</subfield></datafield><datafield ind1=" " ind2="7" tag="651"><subfield code="a">Irland</subfield><subfield code="9">ger</subfield><subfield code="0">(RERO)jurivoc000012095ger</subfield><subfield code="2">jurivoc</subfield></datafield><datafield ind1=" " ind2="7" tag="651"><subfield code="a">Italien</subfield><subfield code="9">ger</subfield><subfield code="0">(RERO)jurivoc000012134ger</subfield><subfield code="2">jurivoc</subfield></datafield><datafield ind1=" " ind2="7" tag="651"><subfield code="a">Luxemburg(Staat)</subfield><subfield code="9">ger</subfield><subfield code="0">(RERO)jurivoc000014514ger</subfield><subfield code="2">jurivoc</subfield></datafield><datafield ind1=" " ind2="7" tag="651"><subfield code="a">Niederlande</subfield><subfield code="9">ger</subfield><subfield code="0">(RERO)jurivoc000016018ger</subfield><subfield code="2">jurivoc</subfield></datafield><datafield ind1=" " ind2="7" tag="651"><subfield code="a">Norwegen</subfield><subfield code="9">ger</subfield><subfield code="0">(RERO)jurivoc000016083ger</subfield><subfield code="2">jurivoc</subfield></datafield><datafield ind1=" " ind2="7" tag="651"><subfield code="a">Schweden</subfield><subfield code="9">ger</subfield><subfield code="0">(RERO)jurivoc000019898ger</subfield><subfield code="2">jurivoc</subfield></datafield><datafield ind1=" " ind2="7" tag="651"><subfield code="a">Türkei</subfield><subfield code="9">ger</subfield><subfield code="0">(RERO)jurivoc000022750ger</subfield><subfield code="2">jurivoc</subfield></datafield><datafield ind1=" " ind2="7" tag="651"><subfield code="a">Vereinigtes Königreich</subfield><subfield code="9">ger</subfield><subfield code="0">(RERO)jurivoc000024332ger</subfield><subfield code="2">jurivoc</subfield></datafield><datafield ind1="2" ind2=" " tag="710"><subfield code="a">Comité européen pour les problèmes criminels</subfield><subfield code="b">Sous-comité no 6</subfield><subfield code="0">(IDREF)231885873</subfield></datafield></record>
</metadata></record>