<record><header><identifier>oai:alma.41SLSP_UGE:991000765519705502</identifier><datestamp>2023-06-27T00:15:23Z</datestamp><setSpec>UNIGE_ALL</setSpec></header><metadata>
<record xmlns="http://www.loc.gov/MARC21/slim" xmlns:xsi="http://www.w3.org/2001/XMLSchema-instance" xsi:schemaLocation="http://www.loc.gov/MARC21/slim http://www.loc.gov/standards/marcxml/schema/MARC21slim.xsd"><leader>01480ngm a2200361 c 4500</leader><controlfield tag="001">991000765519705502</controlfield><controlfield tag="005">20230625141104.0</controlfield><controlfield tag="007">vd |v||||</controlfield><controlfield tag="008">070221s1991    sz ||| |          v|fre d</controlfield><datafield ind1=" " ind2=" " tag="035"><subfield code="a">(swissbib)104809140-41slsp_network</subfield></datafield><datafield ind1=" " ind2=" " tag="035"><subfield code="a">104809140</subfield><subfield code="9">ExL</subfield></datafield><datafield ind1=" " ind2=" " tag="035"><subfield code="a">(RERO)R004340231-41slsp</subfield></datafield><datafield ind1=" " ind2=" " tag="035"><subfield code="a">(EXLNZ-41SLSP_NETWORK)991037874009705501</subfield></datafield><datafield ind1=" " ind2=" " tag="040"><subfield code="a">RERO frheps</subfield><subfield code="d">CH-ZuSLS</subfield></datafield><datafield ind1=" " ind2=" " tag="044"><subfield code="a">sz</subfield><subfield code="c">ch-ge</subfield></datafield><datafield ind1=" " ind2="7" tag="072"><subfield code="a">ps</subfield><subfield code="2">rero</subfield></datafield><datafield ind1="0" ind2="0" tag="245"><subfield code="a">&lt;&lt;Le&gt;&gt; droit d'aimer</subfield><subfield code="c">un film de Paul Seban</subfield></datafield><datafield ind1=" " ind2="1" tag="264"><subfield code="a">Genève</subfield><subfield code="b">Télévision Suisse Romande [prod.]</subfield><subfield code="c">1991</subfield></datafield><datafield ind1=" " ind2=" " tag="300"><subfield code="a">1 DVD-R (55 min)</subfield></datafield><datafield ind1=" " ind2=" " tag="336"><subfield code="b">tdi</subfield><subfield code="2">rdacontent</subfield></datafield><datafield ind1=" " ind2=" " tag="337"><subfield code="b">v</subfield><subfield code="2">rdamedia</subfield></datafield><datafield ind1=" " ind2=" " tag="338"><subfield code="b">vd</subfield><subfield code="2">rdacarrier</subfield></datafield><datafield ind1="0" ind2=" " tag="490"><subfield code="a">Temps présent</subfield></datafield><datafield ind1=" " ind2=" " tag="500"><subfield code="a">Diffusé sur TSR, le 14 novembre 1991</subfield></datafield><datafield ind1=" " ind2=" " tag="500"><subfield code="a">Copie d'une vidéocassette VHS</subfield></datafield><datafield ind1=" " ind2=" " tag="508"><subfield code="a">Image Pierluigi Zaretti ; son Alejandro Quaranta ; montage Brigitte Blanchoud</subfield></datafield><datafield ind1="8" ind2=" " tag="520"><subfield code="a">&quot;Comment les handicapés mentaux abordent-ils leur sexualité ? Ont-ils la possibilité de la vivre en institution ? Les cliniques psychiatriques abusent-elles de leur fonction ?&quot;</subfield><subfield code="5">RERO/geumem/06.2011</subfield></datafield><datafield ind1=" " ind2="7" tag="650"><subfield code="a">Handicapés mentaux</subfield><subfield code="0">(IDREF)027801942</subfield><subfield code="2">idref</subfield></datafield><datafield ind1=" " ind2="7" tag="650"><subfield code="a">établissement pour handicapés</subfield><subfield code="0">(RERO)A009988192</subfield><subfield code="2">rerovoc</subfield></datafield><datafield ind1=" " ind2="7" tag="650"><subfield code="a">Sexualité</subfield><subfield code="0">(IDREF)027248720</subfield><subfield code="2">idref</subfield></datafield><datafield ind1=" " ind2="7" tag="650"><subfield code="a">Société</subfield><subfield code="0">(IDREF)269230165</subfield><subfield code="2">idref</subfield></datafield><datafield ind1=" " ind2="7" tag="650"><subfield code="a">Polyhandicapés</subfield><subfield code="0">(IDREF)029335418</subfield><subfield code="2">idref</subfield></datafield><datafield ind1=" " ind2="7" tag="655"><subfield code="a">DVD</subfield><subfield code="2">idref</subfield><subfield code="0">(IDREF)035108444</subfield></datafield><datafield ind1="1" ind2=" " tag="700"><subfield code="a">Seban, Paul</subfield><subfield code="d">1929-2020</subfield><subfield code="0">(IDREF)167248499</subfield></datafield></record>
</metadata></record>