<record><header><identifier>oai:alma.41SLSP_UGE:991000765919705502</identifier><datestamp>2023-11-24T01:26:02Z</datestamp><setSpec>uge_bcen_RapidILL_BOOK</setSpec><setSpec>uge_aaca_RapidILL_BOOK</setSpec><setSpec>uge_abels_RapidILL_BOOK</setSpec><setSpec>uge_dbu_RapidILL_BOOK</setSpec><setSpec>uge_cmu_RapidILL_BOOK</setSpec><setSpec>uge_mail_RapidILL_BOOK</setSpec><setSpec>uge_abbat_RapidILL_BOOK</setSpec><setSpec>UNIGE_ALL</setSpec><setSpec>uge_aobs_RapidILL_BOOK</setSpec><setSpec>uge_acar_RapidILL_BOOK</setSpec></header><metadata>
<record xmlns="http://www.loc.gov/MARC21/slim" xmlns:xsi="http://www.w3.org/2001/XMLSchema-instance" xsi:schemaLocation="http://www.loc.gov/MARC21/slim http://www.loc.gov/standards/marcxml/schema/MARC21slim.xsd"><leader>02094nam a2200469 c 4500</leader><controlfield tag="001">991000765919705502</controlfield><controlfield tag="005">20230630205454.0</controlfield><controlfield tag="008">201011s1999    fr            00| | fre  </controlfield><datafield ind1=" " ind2=" " tag="020"><subfield code="a">9287139679</subfield></datafield><datafield ind1="7" ind2=" " tag="024"><subfield code="a">http://catalogue.bnf.fr/ark:/12148/cb37627683n</subfield><subfield code="2">uri</subfield></datafield><datafield ind1=" " ind2=" " tag="035"><subfield code="a">(swissbib)227883187-41slsp_network</subfield></datafield><datafield ind1=" " ind2=" " tag="035"><subfield code="a">227883187</subfield><subfield code="9">ExL</subfield></datafield><datafield ind1=" " ind2=" " tag="035"><subfield code="a">(IDSBB)002248788DSV01</subfield></datafield><datafield ind1=" " ind2=" " tag="035"><subfield code="a">(RERO)R279004060-41slsp</subfield></datafield><datafield ind1=" " ind2=" " tag="035"><subfield code="a">(ALEX)bv80066845</subfield></datafield><datafield ind1=" " ind2=" " tag="035"><subfield code="a">(EXLNZ-41SLSP_NETWORK)991136563579705501</subfield></datafield><datafield ind1=" " ind2=" " tag="040"><subfield code="a">SzZuIDS BS/BE B465</subfield><subfield code="e">kids</subfield><subfield code="d">CH-ZuSLS</subfield></datafield><datafield ind1=" " ind2="7" tag="072"><subfield code="a">rw</subfield><subfield code="2">SzZuIDS BS/BE</subfield></datafield><datafield ind1=" " ind2="7" tag="072"><subfield code="a">dr</subfield><subfield code="2">rero</subfield></datafield><datafield ind1="1" ind2="4" tag="082"><subfield code="a">340</subfield><subfield code="2">15</subfield></datafield><datafield ind1=" " ind2=" " tag="084"><subfield code="a">D 22.1 c</subfield><subfield code="2">cjurrom</subfield></datafield><datafield ind1=" " ind2=" " tag="084"><subfield code="a">D 17 g</subfield><subfield code="2">cjurrom</subfield></datafield><datafield ind1="0" ind2="0" tag="245"><subfield code="a">Retour des demandeurs d'asile déboutés</subfield><subfield code="b">recommandation no. R (99) 12 adoptée par le Comité des Ministres du Conseil de l'Europe le 18 mai 1999 et exposé des motifs</subfield><subfield code="c">[Conseil de l'Europe]</subfield></datafield><datafield ind1=" " ind2="1" tag="264"><subfield code="a">Strasbourg</subfield><subfield code="b">Editions du Conseil de l'Europe</subfield><subfield code="c">1999</subfield></datafield><datafield ind1=" " ind2="4" tag="264"><subfield code="c">© 1999</subfield></datafield><datafield ind1=" " ind2=" " tag="300"><subfield code="a">12 p.</subfield><subfield code="c">21 cm</subfield></datafield><datafield ind1=" " ind2=" " tag="336"><subfield code="b">txt</subfield><subfield code="2">rdacontent</subfield></datafield><datafield ind1=" " ind2=" " tag="337"><subfield code="b">n</subfield><subfield code="2">rdamedia</subfield></datafield><datafield ind1=" " ind2=" " tag="338"><subfield code="b">nc</subfield><subfield code="2">rdacarrier</subfield></datafield><datafield ind1="0" ind2=" " tag="490"><subfield code="a">Références juridiques</subfield></datafield><datafield ind1=" " ind2=" " tag="500"><subfield code="a">Version anglaise sous le titre: The return of rejected asylum seekers (Recommendation No. R (99) 12 and explanatory memorandum)</subfield></datafield><datafield ind1=" " ind2="7" tag="650"><subfield code="a">Asylrecht</subfield><subfield code="z">Europa</subfield><subfield code="v">Bericht</subfield><subfield code="2">idsbb</subfield></datafield><datafield ind1=" " ind2="7" tag="650"><subfield code="a">Rückkehr</subfield><subfield code="9">ger</subfield><subfield code="0">(RERO)jurivoc000019107ger</subfield><subfield code="2">jurivoc</subfield></datafield><datafield ind1=" " ind2="7" tag="650"><subfield code="a">Asylsuchender</subfield><subfield code="9">ger</subfield><subfield code="0">(RERO)jurivoc000050273ger</subfield><subfield code="2">jurivoc</subfield></datafield><datafield ind1=" " ind2="7" tag="650"><subfield code="a">Heimatstaat</subfield><subfield code="9">ger</subfield><subfield code="0">(RERO)jurivoc000011035ger</subfield><subfield code="2">jurivoc</subfield></datafield><datafield ind1=" " ind2="7" tag="650"><subfield code="a">Rückkehrhilfe</subfield><subfield code="9">ger</subfield><subfield code="0">(RERO)jurivoc000019108ger</subfield><subfield code="2">jurivoc</subfield></datafield><datafield ind1=" " ind2="7" tag="650"><subfield code="a">Empfehlung einer internationalen Organisation</subfield><subfield code="9">ger</subfield><subfield code="0">(RERO)jurivoc000006839ger</subfield><subfield code="2">jurivoc</subfield></datafield><datafield ind1=" " ind2="7" tag="650"><subfield code="a">Europarat</subfield><subfield code="9">ger</subfield><subfield code="0">(RERO)jurivoc000007774ger</subfield><subfield code="2">jurivoc</subfield></datafield><datafield ind1=" " ind2="7" tag="650"><subfield code="a">Ministerkomitee</subfield><subfield code="9">ger</subfield><subfield code="0">(RERO)jurivoc000015139ger</subfield><subfield code="2">jurivoc</subfield></datafield><datafield ind1=" " ind2="7" tag="650"><subfield code="a">requérant d'asile - expulsion</subfield><subfield code="0">(RERO)A010139931</subfield><subfield code="2">rerovoc</subfield></datafield><datafield ind1=" " ind2="7" tag="650"><subfield code="a">Droit international</subfield><subfield code="0">(IDREF)050627597</subfield><subfield code="2">idref</subfield></datafield><datafield ind1="2" ind2=" " tag="710"><subfield code="a">Conseil de l'Europe</subfield><subfield code="b">Comité des ministres</subfield><subfield code="0">(IDREF)026373149</subfield></datafield><datafield ind1="2" ind2=" " tag="710"><subfield code="a">Europarat</subfield><subfield code="0">(DE-588)36821-0</subfield></datafield><datafield ind1=" " ind2="0" tag="830"><subfield code="a">Affaires juridiques</subfield><subfield code="w">(RERO)0122817-41slsp</subfield></datafield></record>
</metadata></record>