<record><header><identifier>oai:alma.41SLSP_UGE:991000766029705502</identifier><datestamp>2023-06-30T00:17:52Z</datestamp><setSpec>uge_bcen_RapidILL_BOOK</setSpec><setSpec>uge_aaca_RapidILL_BOOK</setSpec><setSpec>uge_abels_RapidILL_BOOK</setSpec><setSpec>uge_dbu_RapidILL_BOOK</setSpec><setSpec>uge_cmu_RapidILL_BOOK</setSpec><setSpec>uge_mail_RapidILL_BOOK</setSpec><setSpec>uge_abbat_RapidILL_BOOK</setSpec><setSpec>UNIGE_ALL</setSpec><setSpec>uge_aobs_RapidILL_BOOK</setSpec><setSpec>uge_acar_RapidILL_BOOK</setSpec></header><metadata>
<record xmlns="http://www.loc.gov/MARC21/slim" xmlns:xsi="http://www.w3.org/2001/XMLSchema-instance" xsi:schemaLocation="http://www.loc.gov/MARC21/slim http://www.loc.gov/standards/marcxml/schema/MARC21slim.xsd"><leader>01319naa a2200301 c 4500</leader><controlfield tag="001">991000766029705502</controlfield><controlfield tag="005">20230629190743.0</controlfield><controlfield tag="008">121113s2012    sz ||||| |||| 10| ||fre d</controlfield><datafield ind1=" " ind2=" " tag="035"><subfield code="a">(swissbib)116649976-41slsp_network</subfield></datafield><datafield ind1=" " ind2=" " tag="035"><subfield code="a">116649976</subfield><subfield code="9">ExL</subfield></datafield><datafield ind1=" " ind2=" " tag="035"><subfield code="a">(RERO)R007182777-41slsp</subfield></datafield><datafield ind1=" " ind2=" " tag="035"><subfield code="a">(EXLNZ-41SLSP_NETWORK)991061998069705501</subfield></datafield><datafield ind1=" " ind2=" " tag="040"><subfield code="a">RERO vdtrc-</subfield><subfield code="d">CH-ZuSLS</subfield></datafield><datafield ind1=" " ind2=" " tag="044"><subfield code="a">sz</subfield><subfield code="c">ch-ne</subfield><subfield code="a">sz</subfield><subfield code="c">ch-bs</subfield></datafield><datafield ind1=" " ind2="7" tag="072"><subfield code="a">dr</subfield><subfield code="2">rero</subfield></datafield><datafield ind1=" " ind2=" " tag="084"><subfield code="a">CA/CH 66.3 i</subfield><subfield code="2">cjurrom</subfield></datafield><datafield ind1=" " ind2=" " tag="084"><subfield code="a">CA/CH 58.1 i</subfield><subfield code="2">cjurrom</subfield></datafield><datafield ind1="1" ind2=" " tag="100"><subfield code="a">Amey, Laura</subfield><subfield code="0">(IDREF)238719634</subfield><subfield code="4">cre</subfield></datafield><datafield ind1="1" ind2="0" tag="245"><subfield code="a">&lt;&lt;Le&gt;&gt; placement à des fins d'assistance</subfield><subfield code="c">par Laura Amey et Rachel Christinat</subfield></datafield><datafield ind1=" " ind2=" " tag="336"><subfield code="b">txt</subfield><subfield code="2">rdacontent</subfield></datafield><datafield ind1=" " ind2=" " tag="337"><subfield code="b">n</subfield><subfield code="2">rdamedia</subfield></datafield><datafield ind1=" " ind2=" " tag="338"><subfield code="b">nc</subfield><subfield code="2">rdacarrier</subfield></datafield><datafield ind1=" " ind2=" " tag="580"><subfield code="a">In: Le nouveau droit de la protection de l'adulte . - Neuchâtel : CEMAJ, Faculté de droit de l'Université de Neuchâtel ; Bâle : Helbing Lichtenhahn, 2012. - P. 283-340</subfield></datafield><datafield ind1=" " ind2="7" tag="650"><subfield code="a">fürsorgerische Unterbringung</subfield><subfield code="9">ger</subfield><subfield code="0">(RERO)jurivoc000050053ger</subfield><subfield code="2">jurivoc</subfield></datafield><datafield ind1=" " ind2="7" tag="650"><subfield code="a">Zwangsbehandlung</subfield><subfield code="9">ger</subfield><subfield code="0">(RERO)jurivoc000027469ger</subfield><subfield code="2">jurivoc</subfield></datafield><datafield ind1=" " ind2="7" tag="650"><subfield code="a">Krankenpflege</subfield><subfield code="9">ger</subfield><subfield code="0">(RERO)jurivoc000013538ger</subfield><subfield code="2">jurivoc</subfield></datafield><datafield ind1=" " ind2="7" tag="651"><subfield code="a">Schweiz</subfield><subfield code="9">ger</subfield><subfield code="0">(RERO)jurivoc000019912ger</subfield><subfield code="2">jurivoc</subfield></datafield><datafield ind1="1" ind2=" " tag="700"><subfield code="a">Christinat, Rachel</subfield><subfield code="d">1983-....</subfield><subfield code="0">(IDREF)238719707</subfield></datafield><datafield ind1="0" ind2=" " tag="773"><subfield code="t">Nouveau droit de la protection de l'adulte</subfield><subfield code="g">283</subfield><subfield code="w">(RERO)R007113834-41slsp</subfield></datafield></record>
</metadata></record>