<record><header><identifier>oai:alma.41SLSP_UGE:991000766339705502</identifier><datestamp>2023-03-01T01:09:47Z</datestamp><setSpec>uge_bcen_RapidILL_BOOK</setSpec><setSpec>uge_aaca_RapidILL_BOOK</setSpec><setSpec>uge_abels_RapidILL_BOOK</setSpec><setSpec>uge_dbu_RapidILL_BOOK</setSpec><setSpec>uge_cmu_RapidILL_BOOK</setSpec><setSpec>uge_mail_RapidILL_BOOK</setSpec><setSpec>UNIGE_ALL</setSpec><setSpec>uge_abbat_RapidILL_BOOK</setSpec><setSpec>uge_aobs_RapidILL_BOOK</setSpec><setSpec>uge_acar_RapidILL_BOOK</setSpec></header><metadata>
<record xmlns="http://www.loc.gov/MARC21/slim" xmlns:xsi="http://www.w3.org/2001/XMLSchema-instance" xsi:schemaLocation="http://www.loc.gov/MARC21/slim http://www.loc.gov/standards/marcxml/schema/MARC21slim.xsd"><leader>02337nam a2200445 c 4500</leader><controlfield tag="001">991000766339705502</controlfield><controlfield tag="005">20220920131927.0</controlfield><controlfield tag="008">201011s1968    sz            00| | ger d</controlfield><datafield ind1=" " ind2=" " tag="019"><subfield code="a">Karte oder Monographie?</subfield><subfield code="5">NEBIS/Medea 04.10.2010</subfield></datafield><datafield ind1=" " ind2=" " tag="035"><subfield code="a">(swissbib)223296821-41slsp_network</subfield></datafield><datafield ind1=" " ind2=" " tag="035"><subfield code="a">223296821</subfield><subfield code="9">ExL</subfield></datafield><datafield ind1=" " ind2=" " tag="035"><subfield code="a">(IDSBB)000245966DSV01</subfield></datafield><datafield ind1=" " ind2=" " tag="035"><subfield code="a">(RERO)0115122-41slsp</subfield></datafield><datafield ind1=" " ind2=" " tag="035"><subfield code="a">(NEBIS)000834895EBI01</subfield></datafield><datafield ind1=" " ind2=" " tag="035"><subfield code="a">(IDSSG)000436440HSB01</subfield></datafield><datafield ind1=" " ind2=" " tag="035"><subfield code="a">(EXLNZ-41SLSP_NETWORK)991090528519705501</subfield></datafield><datafield ind1=" " ind2=" " tag="040"><subfield code="a">SzZuIDS BS/BE A100</subfield><subfield code="b">ger</subfield><subfield code="e">rda</subfield><subfield code="d">CH-ZuSLS</subfield></datafield><datafield ind1=" " ind2="7" tag="072"><subfield code="a">go</subfield><subfield code="2">rero</subfield></datafield><datafield ind1=" " ind2="7" tag="072"><subfield code="a">st</subfield><subfield code="2">rero</subfield></datafield><datafield ind1="1" ind2=" " tag="100"><subfield code="a">Dietrich, Volker</subfield><subfield code="d">1940-</subfield><subfield code="0">(DE-588)108421031</subfield><subfield code="e">Verfasser</subfield><subfield code="4">aut</subfield><subfield code="6">880-01</subfield></datafield><datafield ind1="1" ind2=" " tag="880"><subfield code="6">100-01</subfield><subfield code="a">Dietrich, Volker J.</subfield><subfield code="c">géologue</subfield><subfield code="0">(IDREF)086061968</subfield><subfield code="4">cre</subfield></datafield><datafield ind1="1" ind2="0" tag="245"><subfield code="a">&lt;&lt;Die&gt;&gt; Nephrit-Talklagerstätte Scortaseo (Puschlav, Kanton Graubünden)</subfield><subfield code="b">Übersicht der weiteren Nephritfunde der Schweizer Alpen insbesondere der Vorkommen im Oberhalbstein (Graubünden)</subfield><subfield code="c">von V. Dietrich und F. de Quervain ; mit einem Beitrag von G. Gross</subfield></datafield><datafield ind1=" " ind2="1" tag="264"><subfield code="a">Bern</subfield><subfield code="b">Kommissionsverlag Kümmerly &amp; Frey, geographischer Verlag</subfield><subfield code="c">1968</subfield></datafield><datafield ind1=" " ind2=" " tag="300"><subfield code="a">77 S.</subfield><subfield code="b">Ill.</subfield><subfield code="e">1 Karte</subfield></datafield><datafield ind1=" " ind2=" " tag="336"><subfield code="b">txt</subfield><subfield code="2">rdacontent</subfield></datafield><datafield ind1=" " ind2=" " tag="337"><subfield code="b">n</subfield><subfield code="2">rdamedia</subfield></datafield><datafield ind1=" " ind2=" " tag="338"><subfield code="b">nc</subfield><subfield code="2">rdacarrier</subfield></datafield><datafield ind1="1" ind2=" " tag="490"><subfield code="a">Beiträge zur Geologie der Schweiz. Geotechnische Serie</subfield><subfield code="v">Lieferungen 46</subfield></datafield><datafield ind1="0" ind2="0" tag="505"><subfield code="g">Karte 1:20 000 ca.</subfield><subfield code="t">Geologische Übersicht des Gebietes SW Le Prese nach Auswertung aus Luftaufnahmen</subfield></datafield><datafield ind1=" " ind2=" " tag="520"><subfield code="a">Nephrit-Talklagerstätte - Scortaseo - Graubünden</subfield><subfield code="5">ubs-Archäologie</subfield></datafield><datafield ind1=" " ind2=" " tag="690"><subfield code="a">Nephrit</subfield><subfield code="2">uzb-Z9</subfield></datafield><datafield ind1=" " ind2=" " tag="690"><subfield code="a">Scortaseo</subfield><subfield code="2">uzb-Z9</subfield></datafield><datafield ind1="1" ind2=" " tag="700"><subfield code="a">Dietrich, Volker Johann</subfield></datafield><datafield ind1="1" ind2=" " tag="700"><subfield code="a">Gross, Guido</subfield><subfield code="d">1925-2010</subfield><subfield code="0">(DE-588)119419645</subfield><subfield code="e">Verfasser von ergänzendem Text</subfield><subfield code="4">wst</subfield><subfield code="6">880-02</subfield></datafield><datafield ind1="1" ind2=" " tag="880"><subfield code="a">Gross, Guido</subfield><subfield code="0">(RERO)A003322629</subfield><subfield code="6">700-02</subfield></datafield><datafield ind1="1" ind2=" " tag="700"><subfield code="a">Quervain, Francis &lt;&lt;de&gt;&gt;</subfield><subfield code="d">1902-1984</subfield><subfield code="0">(DE-588)12273193X</subfield><subfield code="e">Verfasser</subfield><subfield code="4">aut</subfield><subfield code="6">880-03</subfield></datafield><datafield ind1="1" ind2=" " tag="880"><subfield code="a">Quervain, Francis de</subfield><subfield code="0">(RERO)A003720492</subfield><subfield code="6">700-03</subfield></datafield><datafield ind1=" " ind2=" " tag="830"><subfield code="a">Matériaux pour la géologie de la Suisse</subfield><subfield code="p">Série géotechnique</subfield><subfield code="v">46</subfield><subfield code="w">(RERO)0067652-41slsp</subfield></datafield><datafield ind1=" " ind2=" " tag="830"><subfield code="a">Beiträge zur Geologie der Schweiz</subfield><subfield code="p">Geotechnische Serie = Matériaux pour la géologie de la Suisse / publ. par la Commission géotechnique suisse</subfield><subfield code="p">Série géotechnique</subfield><subfield code="v">46</subfield><subfield code="w">(IDSBB)000117769DSV01</subfield></datafield><datafield ind1=" " ind2=" " tag="900"><subfield code="a">REROnoselfmerge</subfield></datafield><datafield ind1=" " ind2=" " tag="900"><subfield code="a">IDSZRMedeaZBZ</subfield><subfield code="b">IDSZRAufnahme</subfield></datafield></record>
</metadata></record>