<record><header><identifier>oai:alma.41SLSP_UGE:991000765819705502</identifier><datestamp>2023-03-01T01:09:47Z</datestamp><setSpec>uge_bcen_RapidILL_BOOK</setSpec><setSpec>uge_aaca_RapidILL_BOOK</setSpec><setSpec>uge_abels_RapidILL_BOOK</setSpec><setSpec>uge_dbu_RapidILL_BOOK</setSpec><setSpec>uge_cmu_RapidILL_BOOK</setSpec><setSpec>uge_mail_RapidILL_BOOK</setSpec><setSpec>UNIGE_ALL</setSpec><setSpec>uge_abbat_RapidILL_BOOK</setSpec><setSpec>uge_acar_RapidILL_BOOK</setSpec><setSpec>uge_aobs_RapidILL_BOOK</setSpec></header><metadata>
<record xmlns="http://www.loc.gov/MARC21/slim" xmlns:xsi="http://www.w3.org/2001/XMLSchema-instance" xsi:schemaLocation="http://www.loc.gov/MARC21/slim http://www.loc.gov/standards/marcxml/schema/MARC21slim.xsd"><leader>02568nam a2200565 c 4500</leader><controlfield tag="001">991000765819705502</controlfield><controlfield tag="005">20230115200659.0</controlfield><controlfield tag="008">201011s2012    xxu           00| | eng  </controlfield><datafield ind1=" " ind2=" " tag="020"><subfield code="a">9780071768467</subfield></datafield><datafield ind1=" " ind2=" " tag="035"><subfield code="a">(swissbib)215511298-41slsp_network</subfield></datafield><datafield ind1=" " ind2=" " tag="035"><subfield code="a">215511298</subfield><subfield code="9">ExL</subfield></datafield><datafield ind1=" " ind2=" " tag="035"><subfield code="a">(NEBIS)007353452EBI01</subfield></datafield><datafield ind1=" " ind2=" " tag="035"><subfield code="a">(RERO)R007013264-41slsp</subfield></datafield><datafield ind1=" " ind2=" " tag="035"><subfield code="a">(EXLNZ-41SLSP_NETWORK)991054617459705501</subfield></datafield><datafield ind1=" " ind2=" " tag="040"><subfield code="a">SzZuIDS NEBIS SNB-ZH</subfield><subfield code="b">ger</subfield><subfield code="e">rda</subfield><subfield code="d">CH-ZuSLS</subfield></datafield><datafield ind1=" " ind2="0" tag="050"><subfield code="a">HG4651</subfield><subfield code="b">.H265 2012</subfield></datafield><datafield ind1=" " ind2="7" tag="072"><subfield code="a">se</subfield><subfield code="2">rero</subfield></datafield><datafield ind1="0" ind2="0" tag="082"><subfield code="a">332.63/2044</subfield><subfield code="2">23</subfield></datafield><datafield ind1="0" ind2="0" tag="245"><subfield code="a">&lt;&lt;The&gt;&gt; handbook of fixed income securities</subfield><subfield code="c">Frank J. Fabozzi, ed. ; with the assistance of Steven V. Mann</subfield></datafield><datafield ind1=" " ind2=" " tag="250"><subfield code="a">8th ed.</subfield></datafield><datafield ind1=" " ind2="1" tag="264"><subfield code="a">New York</subfield><subfield code="b">McGraw-Hill</subfield><subfield code="c">2012</subfield></datafield><datafield ind1=" " ind2=" " tag="300"><subfield code="a">1809 S.</subfield><subfield code="b">Ill.</subfield></datafield><datafield ind1=" " ind2=" " tag="336"><subfield code="b">txt</subfield><subfield code="2">rdacontent</subfield></datafield><datafield ind1=" " ind2=" " tag="337"><subfield code="b">n</subfield><subfield code="2">rdamedia</subfield></datafield><datafield ind1=" " ind2=" " tag="338"><subfield code="b">nc</subfield><subfield code="2">rdacarrier</subfield></datafield><datafield ind1=" " ind2="7" tag="650"><subfield code="a">Festverzinsliches Wertpapier</subfield><subfield code="0">(DE-588)4121262-9</subfield><subfield code="2">gnd</subfield></datafield><datafield ind1=" " ind2="7" tag="650"><subfield code="a">Kapitalanlage</subfield><subfield code="0">(DE-588)4073213-7</subfield><subfield code="2">gnd</subfield></datafield><datafield ind1=" " ind2="7" tag="650"><subfield code="a">Portfolio Selection</subfield><subfield code="0">(DE-588)4046834-3</subfield><subfield code="2">gnd</subfield></datafield><datafield ind1=" " ind2="7" tag="650"><subfield code="a">Rentenmarkt</subfield><subfield code="0">(DE-588)4177794-3</subfield><subfield code="2">gnd</subfield></datafield><datafield ind1=" " ind2="7" tag="650"><subfield code="a">FACHLICHE NACHSCHLAGEWERKE + FACHLEXIKA + HANDBÜCHER (DOKUMENTENTYP)</subfield><subfield code="9">ger</subfield><subfield code="0">(ETHUDK)000009236</subfield><subfield code="2">ethudk</subfield></datafield><datafield ind1=" " ind2="7" tag="650"><subfield code="a">GELDMARKT</subfield><subfield code="9">ger</subfield><subfield code="0">(ETHUDK)000060053</subfield><subfield code="2">ethudk</subfield></datafield><datafield ind1=" " ind2="7" tag="650"><subfield code="a">INVESTMENTFONDS</subfield><subfield code="9">ger</subfield><subfield code="0">(ETHUDK)000010662</subfield><subfield code="2">ethudk</subfield></datafield><datafield ind1=" " ind2="7" tag="650"><subfield code="a">KAPITALMARKT</subfield><subfield code="9">ger</subfield><subfield code="0">(ETHUDK)000060051</subfield><subfield code="2">ethudk</subfield></datafield><datafield ind1=" " ind2="7" tag="650"><subfield code="a">WERTPAPIERE (FINANZEN)</subfield><subfield code="9">ger</subfield><subfield code="0">(ETHUDK)000010689</subfield><subfield code="2">ethudk</subfield></datafield><datafield ind1=" " ind2="0" tag="650"><subfield code="a">Bonds</subfield><subfield code="v">Handbooks, manuals, etc</subfield></datafield><datafield ind1=" " ind2="0" tag="650"><subfield code="a">Fixed-income securities</subfield><subfield code="v">Handbooks, manuals, etc</subfield></datafield><datafield ind1=" " ind2="0" tag="650"><subfield code="a">Money market funds</subfield><subfield code="v">Handbooks, manuals, etc</subfield></datafield><datafield ind1=" " ind2="0" tag="650"><subfield code="a">Mutual funds</subfield><subfield code="v">Handbooks, manuals, etc</subfield></datafield><datafield ind1=" " ind2="0" tag="650"><subfield code="a">Preferred stocks</subfield><subfield code="v">Handbooks, manuals, etc</subfield></datafield><datafield ind1=" " ind2="7" tag="650"><subfield code="a">valeur mobilière à revenu fixe</subfield><subfield code="0">(RERO)A010014716</subfield><subfield code="2">rerovoc</subfield></datafield><datafield ind1=" " ind2="7" tag="655"><subfield code="a">Manuels d'enseignement</subfield><subfield code="0">(IDREF)027446514</subfield><subfield code="2">idref</subfield></datafield><datafield ind1="1" ind2=" " tag="700"><subfield code="a">Fabozzi, Frank J.</subfield><subfield code="d">1948-</subfield><subfield code="0">(DE-588)129772054</subfield><subfield code="6">880-02</subfield></datafield><datafield ind1="1" ind2=" " tag="880"><subfield code="6">700-02</subfield><subfield code="a">Fabozzi, Frank J.</subfield><subfield code="d">1948-....</subfield><subfield code="0">(IDREF)033781346</subfield></datafield><datafield ind1="1" ind2=" " tag="700"><subfield code="a">Mann, Steven V.</subfield><subfield code="d">19..-....</subfield><subfield code="0">(IDREF)070037671</subfield></datafield><datafield ind1="4" ind2=" " tag="856"><subfield code="3">Titelblatt und Inhaltsverzeichnis</subfield><subfield code="u">https://toc.library.ethz.ch/objects/pdf03/e01_978-0-07-176846-7_01.pdf</subfield><subfield code="q">pdf</subfield></datafield><datafield ind1="4" ind2=" " tag="856"><subfield code="3">Abstract / Autoreninformation</subfield><subfield code="u">https://toc.library.ethz.ch/objects/pdf03/e01_978-0-07-176846-7_02.pdf</subfield><subfield code="q">pdf</subfield></datafield><datafield ind1=" " ind2=" " tag="900"><subfield code="a">IDSE5E51ANH-2016</subfield></datafield><datafield ind1=" " ind2=" " tag="900"><subfield code="a">REROnoselfmerge</subfield></datafield><datafield ind1=" " ind2=" " tag="910"><subfield code="a">LOC</subfield><subfield code="b">20120305</subfield><subfield code="c">Droits réservés</subfield></datafield><datafield ind1=" " ind2=" " tag="949"><subfield code="a">https://toc.library.ethz.ch/objects/pdf03/e01_978-0-07-176846-7_01.pdf</subfield></datafield><datafield ind1=" " ind2=" " tag="949"><subfield code="a">https://toc.library.ethz.ch/objects/pdf03/e01_978-0-07-176846-7_02.pdf</subfield></datafield></record>
</metadata></record>