<record><header><identifier>oai:alma.41SLSP_UGE:991000766479705502</identifier><datestamp>2023-06-20T00:27:00Z</datestamp><setSpec>uge_bcen_RapidILL_BOOK</setSpec><setSpec>uge_aaca_RapidILL_BOOK</setSpec><setSpec>uge_abels_RapidILL_BOOK</setSpec><setSpec>uge_dbu_RapidILL_BOOK</setSpec><setSpec>uge_cmu_RapidILL_BOOK</setSpec><setSpec>uge_mail_RapidILL_BOOK</setSpec><setSpec>uge_abbat_RapidILL_BOOK</setSpec><setSpec>UNIGE_ALL</setSpec><setSpec>uge_aobs_RapidILL_BOOK</setSpec><setSpec>uge_acar_RapidILL_BOOK</setSpec></header><metadata>
<record xmlns="http://www.loc.gov/MARC21/slim" xmlns:xsi="http://www.w3.org/2001/XMLSchema-instance" xsi:schemaLocation="http://www.loc.gov/MARC21/slim http://www.loc.gov/standards/marcxml/schema/MARC21slim.xsd"><leader>02234nam a2200589 c 4500</leader><controlfield tag="001">991000766479705502</controlfield><controlfield tag="005">20230619194817.0</controlfield><controlfield tag="008">201011s1988    it ||||| |||| 00| ||ita d</controlfield><datafield ind1=" " ind2=" " tag="020"><subfield code="a">8839404147</subfield></datafield><datafield ind1=" " ind2=" " tag="035"><subfield code="a">(swissbib)214516091-41slsp_network</subfield></datafield><datafield ind1=" " ind2=" " tag="035"><subfield code="a">214516091</subfield><subfield code="9">ExL</subfield></datafield><datafield ind1=" " ind2=" " tag="035"><subfield code="a">(RERO)1184898-41slsp</subfield></datafield><datafield ind1=" " ind2=" " tag="035"><subfield code="a">(NEBIS)001128344EBI01</subfield></datafield><datafield ind1=" " ind2=" " tag="035"><subfield code="a">(IDSLU)000147569ILU01</subfield></datafield><datafield ind1=" " ind2=" " tag="035"><subfield code="a">(SBT)000535202SBT01</subfield></datafield><datafield ind1=" " ind2=" " tag="035"><subfield code="a">(EXLNZ-41SLSP_NETWORK)991056559259705501</subfield></datafield><datafield ind1=" " ind2=" " tag="040"><subfield code="a">RERO geuth-</subfield><subfield code="d">CH-ZuSLS</subfield></datafield><datafield ind1=" " ind2="7" tag="072"><subfield code="a">730</subfield><subfield code="2">IDS LU</subfield></datafield><datafield ind1=" " ind2="7" tag="072"><subfield code="a">th</subfield><subfield code="2">rero</subfield></datafield><datafield ind1="0" ind2="0" tag="082"><subfield code="a">188</subfield><subfield code="2">20</subfield></datafield><datafield ind1="0" ind2="0" tag="082"><subfield code="a">232.9/4</subfield><subfield code="2">20</subfield></datafield><datafield ind1="0" ind2="4" tag="082"><subfield code="a">189</subfield></datafield><datafield ind1="1" ind2=" " tag="100"><subfield code="a">Lupieri, Edmondo</subfield><subfield code="d">1950-</subfield><subfield code="0">(DE-588)132445255</subfield><subfield code="6">880-01</subfield></datafield><datafield ind1="1" ind2=" " tag="880"><subfield code="6">100-01</subfield><subfield code="a">Lupieri, Edmondo F.</subfield><subfield code="d">1950-....</subfield><subfield code="0">(IDREF)02990689X</subfield><subfield code="4">cre</subfield></datafield><datafield ind1="1" ind2="0" tag="245"><subfield code="a">Giovanni Battista fra storia e leggenda</subfield><subfield code="c">Edmondo Lupieri</subfield></datafield><datafield ind1=" " ind2="1" tag="264"><subfield code="a">Brescia</subfield><subfield code="b">Paideia</subfield><subfield code="c">1988</subfield></datafield><datafield ind1=" " ind2=" " tag="300"><subfield code="a">475 p.</subfield><subfield code="c">21 cm</subfield></datafield><datafield ind1=" " ind2=" " tag="336"><subfield code="b">txt</subfield><subfield code="2">rdacontent</subfield></datafield><datafield ind1=" " ind2=" " tag="337"><subfield code="b">n</subfield><subfield code="2">rdamedia</subfield></datafield><datafield ind1=" " ind2=" " tag="338"><subfield code="b">nc</subfield><subfield code="2">rdacarrier</subfield></datafield><datafield ind1="1" ind2=" " tag="490"><subfield code="a">Biblioteca di cultura religiosa</subfield><subfield code="v">53</subfield></datafield><datafield ind1=" " ind2=" " tag="504"><subfield code="a">Bibliogr.: p. 431-454</subfield></datafield><datafield ind1=" " ind2=" " tag="504"><subfield code="a">Literaturverz.</subfield></datafield><datafield ind1="0" ind2="7" tag="600"><subfield code="a">Jean-Baptiste</subfield><subfield code="c">saint</subfield><subfield code="d">....-0028</subfield><subfield code="0">(IDREF)027562603</subfield><subfield code="2">idref</subfield></datafield><datafield ind1="0" ind2="7" tag="600"><subfield code="a">Johannes</subfield><subfield code="c">der Täufer</subfield><subfield code="0">(DE-588)118557858</subfield><subfield code="2">gnd</subfield></datafield><datafield ind1="1" ind2="7" tag="600"><subfield code="a">Seneca, Lucius Annaeus</subfield><subfield code="c">Philosophus</subfield><subfield code="d">-65</subfield><subfield code="0">(DE-588)118613200</subfield><subfield code="2">gnd</subfield></datafield><datafield ind1="0" ind2="0" tag="600"><subfield code="a">John</subfield><subfield code="c">the Baptist, Saint</subfield></datafield><datafield ind1="1" ind2="0" tag="600"><subfield code="a">Seneca, Lucius Annaeus</subfield><subfield code="d">approximately 4 B.C.-65 A.D.</subfield><subfield code="x">Religion</subfield></datafield><datafield ind1="0" ind2="7" tag="630"><subfield code="a">Bibel</subfield><subfield code="p">Evangelien</subfield><subfield code="0">(DE-588)4015806-8</subfield><subfield code="2">gnd</subfield></datafield><datafield ind1=" " ind2="7" tag="648"><subfield code="a">Geschichte 250-1150</subfield><subfield code="2">gnd</subfield></datafield><datafield ind1=" " ind2="7" tag="650"><subfield code="a">Literatur</subfield><subfield code="0">(DE-588)4035964-5</subfield><subfield code="2">gnd</subfield></datafield><datafield ind1=" " ind2="7" tag="650"><subfield code="a">Mandäisch</subfield><subfield code="0">(DE-588)4037293-5</subfield><subfield code="2">gnd</subfield></datafield><datafield ind1=" " ind2="7" tag="650"><subfield code="a">Christentum</subfield><subfield code="0">(DE-588)4010074-1</subfield><subfield code="2">gnd</subfield></datafield><datafield ind1=" " ind2="7" tag="650"><subfield code="a">Rezeption</subfield><subfield code="0">(DE-588)4049716-1</subfield><subfield code="2">gnd</subfield></datafield><datafield ind1=" " ind2="7" tag="650"><subfield code="a">Urchristentum</subfield><subfield code="0">(DE-588)4062115-7</subfield><subfield code="2">gnd</subfield></datafield><datafield ind1=" " ind2="0" tag="650"><subfield code="a">Christianity and other religions</subfield><subfield code="x">Roman</subfield></datafield><datafield ind1=" " ind2="0" tag="650"><subfield code="a">Philosophy, Ancient</subfield></datafield><datafield ind1=" " ind2=" " tag="690"><subfield code="a">Johannes der Täufer. A.D.</subfield><subfield code="2">rzs-L1</subfield></datafield><datafield ind1=" " ind2=" " tag="690"><subfield code="a">Legenden, B: Johannes der Täufer</subfield><subfield code="2">rzs-L1</subfield></datafield><datafield ind1=" " ind2=" " tag="691"><subfield code="e">232.94</subfield><subfield code="a">Giovanni il Battista</subfield><subfield code="2">usi-TE</subfield></datafield><datafield ind1=" " ind2="0" tag="830"><subfield code="a">Biblioteca di cultura religiosa</subfield><subfield code="v">53</subfield><subfield code="w">(IDSLU)001034343ILU01</subfield></datafield><datafield ind1=" " ind2="0" tag="830"><subfield code="a">Biblioteca di cultura religiosa</subfield><subfield code="v">53</subfield><subfield code="w">(SBT)000000240SBT01</subfield></datafield><datafield ind1=" " ind2="0" tag="830"><subfield code="a">Biblioteca di cultura religiosa</subfield><subfield code="v">53</subfield><subfield code="w">(RERO)0021341-41slsp</subfield></datafield></record>
</metadata></record><resumptionToken>1900-01-01@all@UNIGE_ALL@marc21@5986541710005502</resumptionToken></ListRecords></OAI-PMH>